<?xml version="1.0" encoding="UTF-8"?><collection xmlns="http://www.loc.gov/MARC21/slim"><record><leader>00999nam#a2200313zcb4500</leader><controlfield tag="001">990000141780203339</controlfield><controlfield tag="003">AT-OBV</controlfield><controlfield tag="005">20171113205200.0</controlfield><controlfield tag="007">tu</controlfield><controlfield tag="008">890619|1970####ne############|||#|#eng#u</controlfield><controlfield tag="009">AC00031352</controlfield><datafield ind1=" " ind2=" " tag="035"><subfield code="a">AC00031352</subfield></datafield><datafield ind1=" " ind2=" " tag="035"><subfield code="a">(AT-OBV)AC00031352</subfield></datafield><datafield ind1=" " ind2=" " tag="035"><subfield code="a">(Aleph)000094554ACC01</subfield></datafield><datafield ind1=" " ind2=" " tag="035"><subfield code="a">(EXLNZ-43ACC_NETWORK)990000945540203331</subfield></datafield><datafield ind1=" " ind2=" " tag="040"><subfield code="a">UBG</subfield><subfield code="b">ger</subfield><subfield code="d">BOK</subfield><subfield code="e">rakwb</subfield></datafield><datafield ind1=" " ind2=" " tag="041"><subfield code="a">eng</subfield></datafield><datafield ind1=" " ind2=" " tag="044"><subfield code="c">XA-NL</subfield></datafield><datafield ind1="0" ind2="0" tag="245"><subfield code="a">8th International Gel Permeation and Liquid Chromatography Seminar</subfield><subfield code="b">Prague (Czechoslovakia), July 1-3, 1970</subfield></datafield><datafield ind1=" " ind2="1" tag="264"><subfield code="c">1970</subfield></datafield><datafield ind1="1" ind2=" " tag="490"><subfield code="a">Journal of chromatography</subfield><subfield code="v">53.1970 = Special issue</subfield></datafield><datafield ind1="2" ind2=" " tag="711"><subfield code="a">International Gel Permeation and Liquid Chromatography Seminar</subfield><subfield code="n">8</subfield><subfield code="d">1970</subfield><subfield code="c">Prag</subfield><subfield code="0">(DE-588)5245684-5</subfield><subfield code="4">ctb</subfield></datafield><datafield ind1="1" ind2="8" tag="773"><subfield code="w">(AT-OBV)AC00028726</subfield><subfield code="g">no:53</subfield><subfield code="9">LOCAL</subfield></datafield><datafield ind1=" " ind2="0" tag="830"><subfield code="w">(AT-OBV)AC00028726</subfield><subfield code="v">53</subfield><subfield code="9">O:1</subfield></datafield><datafield ind1="1" ind2=" " tag="970"><subfield code="c">30</subfield></datafield><datafield ind1="0" ind2="s" tag="974"><subfield code="F">030</subfield><subfield code="A">z|1dcr|||||||</subfield></datafield><datafield ind1="0" ind2="s" tag="974"><subfield code="F">050</subfield><subfield code="A">a|a|||||||||||</subfield></datafield><datafield ind1="0" ind2="s" tag="974"><subfield code="F">051</subfield><subfield code="A">s||||||</subfield></datafield><datafield ind1="2" ind2=" " tag="980"><subfield code="a">53</subfield><subfield code="9">LOCAL</subfield></datafield></record>