<record><leader>01456nam#a2200385zcb4500</leader><controlfield tag="001">990000699100203339</controlfield><controlfield tag="003">AT-OBV</controlfield><controlfield tag="005">20171114023200.0</controlfield><controlfield tag="007">tu</controlfield><controlfield tag="008">951114|1983####gw############|||#|#ger#u</controlfield><controlfield tag="009">AC01296334</controlfield><datafield ind1=" " ind2=" " tag="015"><subfield code="a">83,A41,0524</subfield><subfield code="2">dnb</subfield></datafield><datafield ind1=" " ind2=" " tag="020"><subfield code="c">kart. : M 42.00</subfield></datafield><datafield ind1=" " ind2=" " tag="035"><subfield code="a">AC01296334</subfield></datafield><datafield ind1=" " ind2=" " tag="035"><subfield code="a">(AT-OBV)AC01296334</subfield></datafield><datafield ind1=" " ind2=" " tag="035"><subfield code="a">(Aleph)000445599ACC01</subfield></datafield><datafield ind1=" " ind2=" " tag="035"><subfield code="a">(EXLNZ-43ACC_NETWORK)990004455990203331</subfield></datafield><datafield ind1=" " ind2=" " tag="040"><subfield code="a">RET</subfield><subfield code="b">ger</subfield><subfield code="d">UBG</subfield><subfield code="e">rakwb</subfield></datafield><datafield ind1=" " ind2=" " tag="041"><subfield code="a">ger</subfield></datafield><datafield ind1=" " ind2=" " tag="044"><subfield code="c">XA-DDDE</subfield></datafield><datafield ind1="2" ind2=" " tag="111"><subfield code="a">Symposion Der Arzt und die Apparative Medizin</subfield><subfield code="d">1981</subfield><subfield code="c">Schweinfurt</subfield><subfield code="0">(DE-588)2075612-4</subfield><subfield code="4">aut</subfield></datafield><datafield ind1="0" ind2="0" tag="245"><subfield code="a">Leopoldina-Symposion Der Arzt und die Apparative Medizin</subfield><subfield code="b">abgehalten in der Gründungsstadt d. Akad., Schweinfurt, am 22. u. 23. Oktober 1981</subfield><subfield code="c">Dt. Akad. d. Naturforscher Leopoldina, Halle (Saale). Vorbereitet u. hrsg. von Klaus Betke ... unter Mitarb. von Helmut Koch. Mit Beitr. von M. Anliker ... u. zahlr. Diskussionssprechern</subfield></datafield><datafield ind1=" " ind2="1" tag="264"><subfield code="a">Leipzig</subfield><subfield code="b">Barth</subfield><subfield code="c">1983</subfield></datafield><datafield ind1=" " ind2=" " tag="300"><subfield code="a">160 S.</subfield><subfield code="b">Ill., graph. Darst.</subfield></datafield><datafield ind1="1" ind2=" " tag="490"><subfield code="a">Nova acta Leopoldina</subfield><subfield code="v">N.F., 249 = Bd. 55</subfield></datafield><datafield ind1=" " ind2=" " tag="500"><subfield code="a">Literaturangaben</subfield></datafield><datafield ind1=" " ind2=" " tag="591"><subfield code="a">UBG ohne Autopsie</subfield></datafield><datafield ind1="1" ind2=" " tag="700"><subfield code="a">Betke, Klaus</subfield><subfield code="4">edt</subfield></datafield><datafield ind1="1" ind2=" " tag="700"><subfield code="a">Anliker, Max</subfield><subfield code="4">aut</subfield></datafield><datafield ind1="1" ind2="8" tag="773"><subfield code="w">990020879400203339</subfield><subfield code="9">LOCAL</subfield></datafield><datafield ind1=" " ind2="0" tag="830"><subfield code="w">(AT-OBV)AC00137727</subfield><subfield code="v">N.F.249</subfield><subfield code="9">O:1</subfield></datafield><datafield ind1="0" ind2="s" tag="974"><subfield code="F">030</subfield><subfield code="A">z|1dcr|||||27</subfield></datafield><datafield ind1="0" ind2="s" tag="974"><subfield code="F">050</subfield><subfield code="A">a|a|||||||||||</subfield></datafield><datafield ind1="0" ind2="s" tag="974"><subfield code="F">051</subfield><subfield code="A">s||||||</subfield></datafield><datafield ind1="2" ind2=" " tag="980"><subfield code="a">ITM</subfield><subfield code="b">2115962</subfield><subfield code="l">UBG50</subfield><subfield code="9">LOCAL</subfield></datafield></record>