<record><leader>01490nam#a2200421zcb4500</leader><controlfield tag="001">990001328570203339</controlfield><controlfield tag="003">AT-OBV</controlfield><controlfield tag="005">20180224061300.0</controlfield><controlfield tag="007">tu</controlfield><controlfield tag="008">961010|1984####gw############|||#|#ger#u</controlfield><controlfield tag="009">AC01671333</controlfield><datafield ind1=" " ind2=" " tag="015"><subfield code="a">85,A12,0817</subfield><subfield code="2">dnb</subfield></datafield><datafield ind1=" " ind2=" " tag="035"><subfield code="a">AC01671333</subfield></datafield><datafield ind1=" " ind2=" " tag="035"><subfield code="a">(AT-OBV)AC01671333</subfield></datafield><datafield ind1=" " ind2=" " tag="035"><subfield code="a">(Aleph)000846299ACC01</subfield></datafield><datafield ind1=" " ind2=" " tag="035"><subfield code="a">(DE-599)OBVAC01671333</subfield></datafield><datafield ind1=" " ind2=" " tag="035"><subfield code="a">(EXLNZ-43ACC_NETWORK)990008462990203331</subfield></datafield><datafield ind1=" " ind2=" " tag="040"><subfield code="a">RET</subfield><subfield code="b">ger</subfield><subfield code="d">UBG</subfield><subfield code="e">rakwb</subfield></datafield><datafield ind1=" " ind2=" " tag="044"><subfield code="c">XA-DDDE</subfield></datafield><datafield ind1="1" ind2=" " tag="100"><subfield code="a">Eichler, Ernst</subfield><subfield code="d">1930-2012</subfield><subfield code="0">(DE-588)118962604</subfield><subfield code="4">aut</subfield></datafield><datafield ind1="0" ind2="0" tag="245"><subfield code="a">Reinhold Trautmann und die deutsche Slawistik</subfield><subfield code="b">[vorgetragen in der Sitzung vom 6. Mai 1983]</subfield><subfield code="c">Ernst Eichler. Mit einem Beitr. von Gerald Wiemers</subfield></datafield><datafield ind1=" " ind2="1" tag="264"><subfield code="a">Berlin</subfield><subfield code="b">Akad.-Verl.</subfield><subfield code="c">1984</subfield></datafield><datafield ind1=" " ind2=" " tag="300"><subfield code="a">74 S.</subfield><subfield code="b">Ill.</subfield></datafield><datafield ind1="1" ind2=" " tag="490"><subfield code="a">Sitzungsberichte der Sächsischen Akademie der Wissenschaften zu Leipzig, Philologisch-Historische Klasse</subfield><subfield code="v">125,1</subfield></datafield><datafield ind1=" " ind2=" " tag="500"><subfield code="a">Bibliogr. u. Literaturverz. S. [51] - 60</subfield></datafield><datafield ind1="0" ind2="0" tag="689"><subfield code="a">Deutschland</subfield><subfield code="D">g</subfield><subfield code="0">(DE-588)4011882-4</subfield></datafield><datafield ind1="0" ind2="1" tag="689"><subfield code="a">Slawistik</subfield><subfield code="D">s</subfield><subfield code="0">(DE-588)4055287-1</subfield></datafield><datafield ind1="0" ind2="2" tag="689"><subfield code="a">Trautmann, Reinhold</subfield><subfield code="d">1883-1951</subfield><subfield code="D">p</subfield><subfield code="0">(DE-588)118760750</subfield></datafield><datafield ind1="0" ind2=" " tag="689"><subfield code="5">AT-OBV</subfield><subfield code="5">ONB-PI</subfield></datafield><datafield ind1="1" ind2=" " tag="700"><subfield code="a">Wiemers, Gerald</subfield><subfield code="d">1941-</subfield><subfield code="0">(DE-588)117362395</subfield><subfield code="4">ctb</subfield></datafield><datafield ind1="1" ind2="8" tag="773"><subfield code="w">(AT-OBV)AC00055217</subfield><subfield code="g">no:125</subfield><subfield code="9">LOCAL</subfield></datafield><datafield ind1=" " ind2="0" tag="830"><subfield code="w">(AT-OBV)AC00055217</subfield><subfield code="v">125,1</subfield><subfield code="9">O:1</subfield></datafield><datafield ind1="1" ind2=" " tag="970"><subfield code="c">53</subfield></datafield><datafield ind1="0" ind2="s" tag="974"><subfield code="F">030</subfield><subfield code="A">z|1dcr|||||17</subfield></datafield><datafield ind1="0" ind2="s" tag="974"><subfield code="F">050</subfield><subfield code="A">a|a|||||||||||</subfield></datafield><datafield ind1="0" ind2="s" tag="974"><subfield code="F">051</subfield><subfield code="A">s||||||</subfield></datafield><datafield ind1="2" ind2=" " tag="980"><subfield code="a">125</subfield><subfield code="9">LOCAL</subfield></datafield></record>