<record><leader>01173nam#a2200397zcb4500</leader><controlfield tag="001">990002091260203339</controlfield><controlfield tag="003">AT-OBV</controlfield><controlfield tag="005">20171114045600.0</controlfield><controlfield tag="007">tu</controlfield><controlfield tag="008">980911|1987####gw############|||#|#ger#u</controlfield><controlfield tag="009">AC02417032</controlfield><datafield ind1=" " ind2=" " tag="035"><subfield code="a">AC02417032</subfield></datafield><datafield ind1=" " ind2=" " tag="035"><subfield code="a">(AT-OBV)AC02417032</subfield></datafield><datafield ind1=" " ind2=" " tag="035"><subfield code="a">(Aleph)001402288ACC01</subfield></datafield><datafield ind1=" " ind2=" " tag="035"><subfield code="a">(EXLNZ-43ACC_NETWORK)990014022880203331</subfield></datafield><datafield ind1=" " ind2=" " tag="040"><subfield code="a">UBG</subfield><subfield code="b">ger</subfield><subfield code="e">rakwb</subfield></datafield><datafield ind1=" " ind2=" " tag="041"><subfield code="a">ger</subfield></datafield><datafield ind1=" " ind2=" " tag="044"><subfield code="c">XA-DE</subfield></datafield><datafield ind1="0" ind2="0" tag="245"><subfield code="a">Ausbaustand der Universität</subfield><subfield code="b">Dokumentation zur Gesamtplanung</subfield><subfield code="c">Bearb.: Wolfgang Pietsch ...</subfield></datafield><datafield ind1=" " ind2="1" tag="264"><subfield code="a">Hannover</subfield><subfield code="c">1987</subfield></datafield><datafield ind1=" " ind2=" " tag="300"><subfield code="a">99 S.</subfield><subfield code="b">graph. Darst., Kt.</subfield></datafield><datafield ind1="1" ind2=" " tag="490"><subfield code="a">Uni Hannover : Beiheft</subfield><subfield code="v">24</subfield></datafield><datafield ind1=" " ind2=" " tag="500"><subfield code="a">Literaturverz. S. 99</subfield></datafield><datafield ind1="0" ind2="0" tag="689"><subfield code="a">Leibniz Universität Hannover</subfield><subfield code="D">b</subfield><subfield code="0">(DE-588)64681-7</subfield></datafield><datafield ind1="0" ind2="1" tag="689"><subfield code="a">Bauplanung</subfield><subfield code="D">s</subfield><subfield code="0">(DE-588)4004911-5</subfield></datafield><datafield ind1="0" ind2="2" tag="689"><subfield code="a">Geschichte 1987</subfield><subfield code="A">z</subfield></datafield><datafield ind1="0" ind2=" " tag="689"><subfield code="5">AT-OBV</subfield><subfield code="5">UBG</subfield></datafield><datafield ind1="1" ind2=" " tag="700"><subfield code="a">Pietsch, Wolfgang</subfield><subfield code="4">ctb</subfield></datafield><datafield ind1="1" ind2="8" tag="773"><subfield code="w">(AT-OBV)AC00026305</subfield><subfield code="g">no:24</subfield><subfield code="9">LOCAL</subfield></datafield><datafield ind1=" " ind2="0" tag="830"><subfield code="w">(AT-OBV)AC00026305</subfield><subfield code="v">24</subfield><subfield code="9">O:1</subfield></datafield><datafield ind1="0" ind2="s" tag="974"><subfield code="F">030</subfield><subfield code="A">z|1dcr|||||37</subfield></datafield><datafield ind1="0" ind2="s" tag="974"><subfield code="F">050</subfield><subfield code="A">a|a|||||||||||</subfield></datafield><datafield ind1="0" ind2="s" tag="974"><subfield code="F">051</subfield><subfield code="A">s||||||</subfield></datafield><datafield ind1="0" ind2="u" tag="974"><subfield code="V">903</subfield><subfield code="a">213</subfield></datafield><datafield ind1="2" ind2=" " tag="980"><subfield code="a">24</subfield><subfield code="9">LOCAL</subfield></datafield><datafield ind1=" " ind2=" " tag="983"><subfield code="a">M</subfield><subfield code="9">LOCAL</subfield></datafield></record>