<record><leader>01113nam#a2200337zcc4500</leader><controlfield tag="001">990015280780203339</controlfield><controlfield tag="003">AT-OBV</controlfield><controlfield tag="005">20180224071200.0</controlfield><controlfield tag="007">tu</controlfield><controlfield tag="008">990823|1905####xx############|||#|#ger#u</controlfield><controlfield tag="009">AC02591848</controlfield><datafield ind1=" " ind2=" " tag="035"><subfield code="a">AC02591848</subfield></datafield><datafield ind1=" " ind2=" " tag="035"><subfield code="a">(AT-OBV)AC02591848</subfield></datafield><datafield ind1=" " ind2=" " tag="035"><subfield code="a">(Aleph)002590535ACC01</subfield></datafield><datafield ind1=" " ind2=" " tag="035"><subfield code="a">(EXLNZ-43ACC_NETWORK)990025905350203331</subfield></datafield><datafield ind1=" " ind2=" " tag="040"><subfield code="a">UBG</subfield><subfield code="b">ger</subfield><subfield code="e">rakwb</subfield></datafield><datafield ind1=" " ind2=" " tag="041"><subfield code="a">eng</subfield></datafield><datafield ind1=" " ind2=" " tag="044"><subfield code="c">XA-DXDE</subfield></datafield><datafield ind1="1" ind2=" " tag="100"><subfield code="a">Schwarzschild, Karl</subfield><subfield code="4">aut</subfield><subfield code="9">O:H</subfield></datafield><datafield ind1="0" ind2="0" tag="245"><subfield code="a">Untersuchungen zur geometrischen Optik</subfield><subfield code="n">2</subfield><subfield code="p">Theorie der Spiegeltelescope</subfield><subfield code="c">von K. Schwarzschild</subfield></datafield><datafield ind1="1" ind2="0" tag="246"><subfield code="a">Spiegelteleskope</subfield></datafield><datafield ind1=" " ind2="1" tag="264"><subfield code="a">Berlin</subfield><subfield code="b">Weidmann</subfield><subfield code="c">1905</subfield></datafield><datafield ind1=" " ind2=" " tag="300"><subfield code="a">28 S.</subfield><subfield code="b">graph. Darst.</subfield></datafield><datafield ind1="1" ind2=" " tag="490"><subfield code="a">Abhandlungen der Königlichen Gesellschaft der Wissenschaften zu Göttingen, Mathematisch-Physikalische Klasse</subfield><subfield code="v">N.F., Bd.4, Nr.2</subfield></datafield><datafield ind1="0" ind2="8" tag="773"><subfield code="w">(AT-OBV)AC02591838</subfield><subfield code="q">2</subfield></datafield><datafield ind1="1" ind2="8" tag="773"><subfield code="w">990015280790203339</subfield><subfield code="g">no:LKR</subfield><subfield code="9">LOCAL</subfield></datafield><datafield ind1=" " ind2="0" tag="830"><subfield code="w">(AT-OBV)AC01069775</subfield><subfield code="v">N.F.4,2</subfield><subfield code="9">O:1</subfield></datafield><datafield ind1="1" ind2=" " tag="970"><subfield code="c">33</subfield></datafield><datafield ind1="0" ind2="s" tag="974"><subfield code="F">030</subfield><subfield code="A">z|1dcr|||||||</subfield></datafield><datafield ind1="0" ind2="s" tag="974"><subfield code="F">050</subfield><subfield code="A">a|a|||||||||||</subfield></datafield><datafield ind1="2" ind2=" " tag="980"><subfield code="a">ITM</subfield><subfield code="b">1481076</subfield><subfield code="l">UBG50</subfield><subfield code="v">LKR</subfield><subfield code="9">LOCAL</subfield></datafield></record>