<record><leader>01664nam#a2200517zcb4500</leader><controlfield tag="001">990018396970203339</controlfield><controlfield tag="003">AT-OBV</controlfield><controlfield tag="005">20171114022500.0</controlfield><controlfield tag="007">tu</controlfield><controlfield tag="008">950925|1989####xxu###########|||#|#eng#u</controlfield><controlfield tag="009">AC01249468</controlfield><datafield ind1=" " ind2=" " tag="020"><subfield code="a">0803933770</subfield></datafield><datafield ind1=" " ind2=" " tag="020"><subfield code="a">0803933789</subfield></datafield><datafield ind1=" " ind2=" " tag="035"><subfield code="a">AC01249468</subfield></datafield><datafield ind1=" " ind2=" " tag="035"><subfield code="a">(AT-OBV)AC01249468</subfield></datafield><datafield ind1=" " ind2=" " tag="035"><subfield code="a">(Aleph)000478394ACC01</subfield></datafield><datafield ind1=" " ind2=" " tag="035"><subfield code="a">(EXLNZ-43ACC_NETWORK)990004783940203331</subfield></datafield><datafield ind1=" " ind2=" " tag="040"><subfield code="a">UBS</subfield><subfield code="b">ger</subfield><subfield code="e">rakwb</subfield></datafield><datafield ind1=" " ind2=" " tag="041"><subfield code="a">eng</subfield></datafield><datafield ind1=" " ind2=" " tag="044"><subfield code="c">XD-US</subfield></datafield><datafield ind1=" " ind2=" " tag="084"><subfield code="a">CV 4000</subfield><subfield code="2">rvk</subfield><subfield code="9">O: Automatisch aus BVB_2013-06 2013-03-07</subfield></datafield><datafield ind1=" " ind2=" " tag="084"><subfield code="a">CV 8000</subfield><subfield code="2">rvk</subfield><subfield code="9">O: Automatisch aus BVB_2013-06 2013-03-07</subfield></datafield><datafield ind1=" " ind2=" " tag="084"><subfield code="a">CR 1000</subfield><subfield code="2">rvk</subfield><subfield code="9">O: Automatisch aus BVB_2013-06 2013-03-07</subfield></datafield><datafield ind1=" " ind2=" " tag="084"><subfield code="a">CV 1000</subfield><subfield code="2">rvk</subfield><subfield code="9">O: Automatisch aus BVB_2013-06 2013-03-07</subfield></datafield><datafield ind1="0" ind2="0" tag="245"><subfield code="a">Close relationships</subfield><subfield code="c">ed. Clyde Hendrick</subfield></datafield><datafield ind1=" " ind2=" " tag="250"><subfield code="a">1. print.</subfield></datafield><datafield ind1=" " ind2="1" tag="264"><subfield code="a">Newbury Park, Calif. [u.a.]</subfield><subfield code="b">Sage</subfield><subfield code="c">1989</subfield></datafield><datafield ind1=" " ind2=" " tag="300"><subfield code="a">270 S.</subfield><subfield code="b">graph. Darst.</subfield></datafield><datafield ind1="1" ind2=" " tag="490"><subfield code="a">Review of personality and social psychology</subfield><subfield code="v">10</subfield></datafield><datafield ind1=" " ind2=" " tag="500"><subfield code="a">Literaturangaben</subfield></datafield><datafield ind1="0" ind2="0" tag="689"><subfield code="a">Zweierbeziehung</subfield><subfield code="D">s</subfield><subfield code="0">(DE-588)4191223-8</subfield></datafield><datafield ind1="0" ind2="1" tag="689"><subfield code="a">Aufsatzsammlung</subfield><subfield code="A">f</subfield></datafield><datafield ind1="0" ind2=" " tag="689"><subfield code="5">AT-OBV</subfield><subfield code="5">UBS</subfield></datafield><datafield ind1="1" ind2="0" tag="689"><subfield code="a">Zwischenmenschliche Beziehung</subfield><subfield code="D">s</subfield><subfield code="0">(DE-588)4079583-4</subfield></datafield><datafield ind1="1" ind2="1" tag="689"><subfield code="a">Aufsatzsammlung</subfield><subfield code="A">f</subfield></datafield><datafield ind1="1" ind2=" " tag="689"><subfield code="5">AT-OBV</subfield><subfield code="5">UBS</subfield></datafield><datafield ind1="2" ind2="0" tag="689"><subfield code="a">Familienbeziehung</subfield><subfield code="D">s</subfield><subfield code="0">(DE-588)4133734-7</subfield></datafield><datafield ind1="2" ind2="1" tag="689"><subfield code="a">Aufsatzsammlung</subfield><subfield code="A">f</subfield></datafield><datafield ind1="2" ind2=" " tag="689"><subfield code="5">AT-OBV</subfield><subfield code="5">UBS</subfield></datafield><datafield ind1="1" ind2=" " tag="700"><subfield code="a">Hendrick, Clyde</subfield><subfield code="4">edt</subfield></datafield><datafield ind1="1" ind2="8" tag="773"><subfield code="w">(AT-OBV)AC00207157</subfield><subfield code="g">no:10</subfield><subfield code="9">LOCAL</subfield></datafield><datafield ind1=" " ind2="0" tag="830"><subfield code="w">(AT-OBV)AC00207157</subfield><subfield code="v">10</subfield><subfield code="9">O:1</subfield></datafield><datafield ind1="0" ind2="s" tag="974"><subfield code="F">030</subfield><subfield code="A">z|1dcr|||||37</subfield></datafield><datafield ind1="0" ind2="s" tag="974"><subfield code="F">050</subfield><subfield code="A">a|a|||||||||||</subfield></datafield><datafield ind1="0" ind2="s" tag="974"><subfield code="F">051</subfield><subfield code="A">s||||||</subfield></datafield><datafield ind1="2" ind2=" " tag="980"><subfield code="a">10</subfield><subfield code="9">LOCAL</subfield></datafield></record>