<record><leader>01623nam#a2200397zcc4500</leader><controlfield tag="001">990019102000203339</controlfield><controlfield tag="003">AT-OBV</controlfield><controlfield tag="005">20180224060200.0</controlfield><controlfield tag="007">tu</controlfield><controlfield tag="008">940921|1888####xx############|||#|#ger#u</controlfield><controlfield tag="009">AC00934899</controlfield><datafield ind1=" " ind2=" " tag="035"><subfield code="a">AC00934899</subfield></datafield><datafield ind1=" " ind2=" " tag="035"><subfield code="a">(AT-OBV)AC00934899</subfield></datafield><datafield ind1=" " ind2=" " tag="035"><subfield code="a">(Aleph)001390934ACC01</subfield></datafield><datafield ind1=" " ind2=" " tag="035"><subfield code="a">(DE-599)OBVAC00934899</subfield></datafield><datafield ind1=" " ind2=" " tag="035"><subfield code="a">(EXLNZ-43ACC_NETWORK)990013909340203331</subfield></datafield><datafield ind1=" " ind2=" " tag="040"><subfield code="a">UBI</subfield><subfield code="b">ger</subfield><subfield code="d">OAW</subfield><subfield code="e">rda</subfield></datafield><datafield ind1=" " ind2=" " tag="041"><subfield code="a">ger</subfield></datafield><datafield ind1=" " ind2=" " tag="044"><subfield code="c">XA-AAAT</subfield></datafield><datafield ind1="0" ind2="0" tag="245"><subfield code="a">&lt;&lt;Die&gt;&gt; österreichisch-ungarische Monarchie in Wort und Bild</subfield><subfield code="p">Wien und Niederösterreich</subfield><subfield code="n">2. Abtheilung</subfield><subfield code="p">Niederösterreich</subfield><subfield code="c">auf Anregung und unter Mitwirkung weiland Seiner kaiserl. und königl. Hoheit des Kronprinzen Erzherzog Rudolf begonnen, fortgesetzt unter dem Protectorate Ihrer kaiserl. und königl. Hoheit der durchlauchtigsten Frau Kronprinzessin-Witwe Erzherzogin Stephanie</subfield></datafield><datafield ind1=" " ind2="1" tag="264"><subfield code="a">Wien</subfield><subfield code="b">Druck und Verlag der kaiserlich-königlichen Hof- und Staatsdruckerei</subfield><subfield code="c">1888</subfield></datafield><datafield ind1=" " ind2=" " tag="300"><subfield code="a">VIII, 360 Seiten</subfield><subfield code="b">Illustrationen</subfield></datafield><datafield ind1=" " ind2=" " tag="336"><subfield code="b">txt</subfield></datafield><datafield ind1=" " ind2=" " tag="337"><subfield code="b">n</subfield></datafield><datafield ind1=" " ind2=" " tag="338"><subfield code="b">nc</subfield></datafield><datafield ind1=" " ind2=" " tag="546"><subfield code="b">In Fraktur</subfield></datafield><datafield ind1=" " ind2="7" tag="655"><subfield code="a">Führer</subfield><subfield code="0">(DE-588)4155569-7</subfield><subfield code="2">gnd-content</subfield></datafield><datafield ind1="0" ind2=" " tag="700"><subfield code="a">Rudolf</subfield><subfield code="c">Österreich, Erzherzog</subfield><subfield code="d">1858-1889</subfield><subfield code="0">(DE-588)118603698</subfield><subfield code="4">pat</subfield><subfield code="4">ctb</subfield><subfield code="9">O:H</subfield></datafield><datafield ind1="0" ind2="8" tag="773"><subfield code="w">(AT-OBV)AC00963343</subfield><subfield code="q">14,2</subfield></datafield><datafield ind1="1" ind2="8" tag="773"><subfield code="w">990018147580203339</subfield><subfield code="9">LOCAL</subfield></datafield><datafield ind1="4" ind2="2" tag="856"><subfield code="m">V:AT-OBV;B:AT-OeNB</subfield><subfield code="q">application/xml</subfield><subfield code="u">http://data.onb.ac.at/dtl/2526144</subfield><subfield code="x">ONB-DTL</subfield><subfield code="3">Digitales Objekt</subfield><subfield code="o">OBV-ONB-DTL</subfield></datafield><datafield ind1="1" ind2=" " tag="970"><subfield code="c">54</subfield></datafield><datafield ind1="0" ind2="s" tag="974"><subfield code="F">030</subfield><subfield code="A">z|1drr|||||||</subfield></datafield><datafield ind1="0" ind2="s" tag="974"><subfield code="F">050</subfield><subfield code="A">a|a|||||||||||</subfield></datafield><datafield ind1="0" ind2="s" tag="974"><subfield code="F">051</subfield><subfield code="A">||||||||</subfield></datafield><datafield ind1="2" ind2=" " tag="980"><subfield code="a">ITM</subfield><subfield code="b">1682176</subfield><subfield code="l">UBG50</subfield><subfield code="9">LOCAL</subfield></datafield></record>