<record><leader>01533nam#a2200517zcb4500</leader><controlfield tag="001">990019599110203339</controlfield><controlfield tag="003">AT-OBV</controlfield><controlfield tag="005">20180215194600.0</controlfield><controlfield tag="007">tu</controlfield><controlfield tag="008">030912|1998####ru############|||#|#rus#u</controlfield><controlfield tag="009">AC03822472</controlfield><datafield ind1=" " ind2=" " tag="020"><subfield code="a">5871350585</subfield></datafield><datafield ind1=" " ind2=" " tag="035"><subfield code="a">AC03822472</subfield></datafield><datafield ind1=" " ind2=" " tag="035"><subfield code="a">(AT-OBV)AC03822472</subfield></datafield><datafield ind1=" " ind2=" " tag="035"><subfield code="a">(Aleph)003810947ACC01</subfield></datafield><datafield ind1=" " ind2=" " tag="035"><subfield code="a">(DE-599)OBVAC03822472</subfield></datafield><datafield ind1=" " ind2=" " tag="035"><subfield code="a">(EXLNZ-43ACC_NETWORK)990038109470203331</subfield></datafield><datafield ind1=" " ind2=" " tag="040"><subfield code="a">UBG</subfield><subfield code="b">ger</subfield><subfield code="c">BVB</subfield><subfield code="d">UBI</subfield><subfield code="e">rakwb</subfield></datafield><datafield ind1=" " ind2=" " tag="041"><subfield code="a">rus</subfield></datafield><datafield ind1=" " ind2=" " tag="044"><subfield code="c">XA-RU</subfield></datafield><datafield ind1=" " ind2=" " tag="084"><subfield code="a">KD 5680</subfield><subfield code="2">rvk</subfield><subfield code="9">O: Automatisch aus BVB_2013-06 2013-05-01</subfield></datafield><datafield ind1="0" ind2="0" tag="245"><subfield code="a">Iskusstvo i nauka</subfield><subfield code="b"> = Art &amp; science</subfield><subfield code="c">Rossijskij Muzej Ėtnografii ... Pod red. Viktora Mazina</subfield></datafield><datafield ind1="1" ind2="1" tag="246"><subfield code="a">Art &amp; science</subfield></datafield><datafield ind1="3" ind2=" " tag="246"><subfield code="a">Art and science</subfield></datafield><datafield ind1=" " ind2="1" tag="264"><subfield code="a">S.-Peterburg</subfield><subfield code="b">Inapress</subfield><subfield code="c">1998</subfield></datafield><datafield ind1=" " ind2=" " tag="300"><subfield code="a">174 S.</subfield><subfield code="b">Ill.</subfield></datafield><datafield ind1="1" ind2=" " tag="490"><subfield code="a">Kabinet</subfield><subfield code="v">V</subfield></datafield><datafield ind1="0" ind2=" " tag="490"><subfield code="a">Žurnal Kris</subfield></datafield><datafield ind1="0" ind2=" " tag="490"><subfield code="a">Psicho / Techno</subfield></datafield><datafield ind1=" " ind2=" " tag="500"><subfield code="a">Literaturangaben</subfield></datafield><datafield ind1=" " ind2=" " tag="546"><subfield code="a">Teilw. in kyrill. Schr., russ. - Text engl. und russ.</subfield></datafield><datafield ind1="0" ind2="0" tag="689"><subfield code="a">Kunst</subfield><subfield code="D">s</subfield><subfield code="0">(DE-588)4114333-4</subfield></datafield><datafield ind1="0" ind2="1" tag="689"><subfield code="a">Wissenschaft</subfield><subfield code="D">s</subfield><subfield code="0">(DE-588)4066562-8</subfield></datafield><datafield ind1="0" ind2="2" tag="689"><subfield code="a">Kongreß</subfield><subfield code="A">f</subfield></datafield><datafield ind1="0" ind2="3" tag="689"><subfield code="a">Sankt Petersburg &lt;1997&gt;</subfield><subfield code="A">g</subfield></datafield><datafield ind1="0" ind2=" " tag="689"><subfield code="5">AT-OBV</subfield><subfield code="5">UBGSAX</subfield></datafield><datafield ind1="1" ind2=" " tag="700"><subfield code="a">Mazin, Viktor</subfield><subfield code="4">edt</subfield></datafield><datafield ind1="1" ind2="8" tag="773"><subfield code="w">(AT-OBV)AC03822446</subfield><subfield code="g">no:[3]</subfield><subfield code="9">LOCAL</subfield></datafield><datafield ind1=" " ind2="0" tag="830"><subfield code="w">(AT-OBV)AC03822446</subfield><subfield code="v">[3]</subfield><subfield code="9">O:1</subfield></datafield><datafield ind1="1" ind2=" " tag="970"><subfield code="c">19</subfield></datafield><datafield ind1="4" ind2=" " tag="970"><subfield code="b">BVBKAT</subfield></datafield><datafield ind1="0" ind2="s" tag="974"><subfield code="F">030</subfield><subfield code="A">z|1dcr|||||37</subfield></datafield><datafield ind1="0" ind2="s" tag="974"><subfield code="F">050</subfield><subfield code="A">a|a|||||||||||</subfield></datafield><datafield ind1="0" ind2="s" tag="974"><subfield code="F">051</subfield><subfield code="A">s|||||||</subfield></datafield><datafield ind1="0" ind2="u" tag="974"><subfield code="V">903</subfield><subfield code="a">2134</subfield></datafield><datafield ind1="2" ind2=" " tag="980"><subfield code="a">[3]</subfield><subfield code="9">LOCAL</subfield></datafield></record>