<record><leader>01140nam#a2200337zcc4500</leader><controlfield tag="001">990019853720203339</controlfield><controlfield tag="003">AT-OBV</controlfield><controlfield tag="005">20180224023900.0</controlfield><controlfield tag="007">tu</controlfield><controlfield tag="008">020429|1877####au############|||#|#ger#u</controlfield><controlfield tag="009">AC03412415</controlfield><datafield ind1=" " ind2=" " tag="035"><subfield code="a">AC03412415</subfield></datafield><datafield ind1=" " ind2=" " tag="035"><subfield code="a">(AT-OBV)AC03412415</subfield></datafield><datafield ind1=" " ind2=" " tag="035"><subfield code="a">(Aleph)003404817ACC01</subfield></datafield><datafield ind1=" " ind2=" " tag="035"><subfield code="a">(EXLNZ-43ACC_NETWORK)990034048170203331</subfield></datafield><datafield ind1=" " ind2=" " tag="040"><subfield code="a">UBI</subfield><subfield code="b">ger</subfield><subfield code="e">rakwb</subfield></datafield><datafield ind1=" " ind2=" " tag="041"><subfield code="a">ger</subfield></datafield><datafield ind1=" " ind2=" " tag="044"><subfield code="c">XA-AT</subfield></datafield><datafield ind1="1" ind2=" " tag="100"><subfield code="a">Bischoff, Wilhelm F.</subfield><subfield code="4">aut</subfield><subfield code="9">O:H</subfield></datafield><datafield ind1="0" ind2="0" tag="245"><subfield code="a">Bericht über Weisthümer-Forschungen in Steiermark</subfield><subfield code="n">2 (1877)</subfield><subfield code="c">erstattet von Ferdinand Bischoff</subfield></datafield><datafield ind1=" " ind2="1" tag="264"><subfield code="a">Wien</subfield><subfield code="b">Gerold</subfield><subfield code="c">1877</subfield></datafield><datafield ind1=" " ind2=" " tag="300"><subfield code="a">34 S.</subfield></datafield><datafield ind1=" " ind2=" " tag="500"><subfield code="a">Aus: Akademie der Wissenschaften &lt;Wien&gt; / Philosophisch-Historische Klasse: Sitzungsberichte der Philosophisch-Historischen Classe der Kaiserlichen Akademie der Wissenschaften ; 85.1877</subfield></datafield><datafield ind1="0" ind2="8" tag="773"><subfield code="w">(AT-OBV)AC03412405</subfield><subfield code="q">2</subfield></datafield><datafield ind1="1" ind2="8" tag="773"><subfield code="w">990019853690203339</subfield><subfield code="g">no:LKR</subfield><subfield code="9">LOCAL</subfield></datafield><datafield ind1="0" ind2="1" tag="900"><subfield code="a">Bischoff, Ferdinand</subfield><subfield code="9">O:H</subfield></datafield><datafield ind1="1" ind2=" " tag="970"><subfield code="c">54</subfield></datafield><datafield ind1="0" ind2="s" tag="974"><subfield code="F">030</subfield><subfield code="A">z|1dcr|||||||</subfield></datafield><datafield ind1="0" ind2="s" tag="974"><subfield code="F">050</subfield><subfield code="A">a|a|||||||||||</subfield></datafield><datafield ind1="0" ind2="s" tag="974"><subfield code="F">051</subfield><subfield code="A">|||||||</subfield></datafield><datafield ind1="2" ind2=" " tag="980"><subfield code="a">ITM</subfield><subfield code="b">1993596</subfield><subfield code="l">UBG50</subfield><subfield code="v">LKR</subfield><subfield code="9">LOCAL</subfield></datafield></record>