<record><leader>01093nam#a2200361zcc4500</leader><controlfield tag="001">990020017880203339</controlfield><controlfield tag="003">AT-OBV</controlfield><controlfield tag="005">20180224071200.0</controlfield><controlfield tag="007">tu</controlfield><controlfield tag="008">040517|1973####sw############|||#|#ger#u</controlfield><controlfield tag="009">AC04102252</controlfield><datafield ind1=" " ind2=" " tag="020"><subfield code="a">9140028747</subfield></datafield><datafield ind1=" " ind2=" " tag="035"><subfield code="a">AC04102252</subfield></datafield><datafield ind1=" " ind2=" " tag="035"><subfield code="a">(AT-OBV)AC04102252</subfield></datafield><datafield ind1=" " ind2=" " tag="035"><subfield code="a">(Aleph)004090855ACC01</subfield></datafield><datafield ind1=" " ind2=" " tag="035"><subfield code="a">(EXLNZ-43ACC_NETWORK)990040908550203331</subfield></datafield><datafield ind1=" " ind2=" " tag="040"><subfield code="a">UBG</subfield><subfield code="b">ger</subfield><subfield code="d">UBG</subfield><subfield code="e">rakwb</subfield></datafield><datafield ind1=" " ind2=" " tag="041"><subfield code="a">ger</subfield></datafield><datafield ind1=" " ind2=" " tag="044"><subfield code="c">XA-SE</subfield></datafield><datafield ind1="1" ind2=" " tag="100"><subfield code="a">Svenaeus, Gösta</subfield><subfield code="4">aut</subfield><subfield code="9">O:H</subfield></datafield><datafield ind1="0" ind2="0" tag="245"><subfield code="a">Edvard Munch</subfield><subfield code="b">im männlichen Gehirn</subfield><subfield code="n">2 (1973)</subfield><subfield code="c">Gösta Svenaeus</subfield></datafield><datafield ind1=" " ind2="1" tag="264"><subfield code="a">Lund</subfield><subfield code="b">Vetenskaps-Soc.</subfield><subfield code="c">1973</subfield></datafield><datafield ind1=" " ind2=" " tag="300"><subfield code="a">325 S.</subfield><subfield code="b">nur Ill.</subfield></datafield><datafield ind1="1" ind2=" " tag="490"><subfield code="a">Skrifter utgivna av Vetenskaps-Societeten i Lund</subfield><subfield code="v">67</subfield></datafield><datafield ind1="1" ind2=" " tag="700"><subfield code="a">Munch, Edvard</subfield><subfield code="d">1863-1944</subfield><subfield code="0">(DE-588)118585738</subfield><subfield code="4">ill</subfield><subfield code="9">O:H</subfield></datafield><datafield ind1="0" ind2="8" tag="773"><subfield code="w">(AT-OBV)AC04102228</subfield><subfield code="q">2</subfield></datafield><datafield ind1="1" ind2="8" tag="773"><subfield code="w">990020017890203339</subfield><subfield code="g">no:BK</subfield><subfield code="9">LOCAL</subfield></datafield><datafield ind1=" " ind2="0" tag="830"><subfield code="w">(AT-OBV)AC00405835</subfield><subfield code="v">67</subfield><subfield code="9">O:1</subfield></datafield><datafield ind1="1" ind2=" " tag="970"><subfield code="c">45</subfield></datafield><datafield ind1="0" ind2="s" tag="974"><subfield code="F">030</subfield><subfield code="A">z|1dcr|||||||</subfield></datafield><datafield ind1="0" ind2="s" tag="974"><subfield code="F">050</subfield><subfield code="A">a|a|||||||||||</subfield></datafield><datafield ind1="0" ind2="s" tag="974"><subfield code="F">051</subfield><subfield code="A">|||||||</subfield></datafield><datafield ind1="2" ind2=" " tag="980"><subfield code="a">ITM</subfield><subfield code="b">2012062</subfield><subfield code="l">UBG50</subfield><subfield code="v">BK</subfield><subfield code="9">LOCAL</subfield></datafield></record>