<record><leader>01587nam#a2200433zcb4500</leader><controlfield tag="001">990020175530203339</controlfield><controlfield tag="003">AT-OBV</controlfield><controlfield tag="005">20180220201900.0</controlfield><controlfield tag="007">tu</controlfield><controlfield tag="008">040817|1913####xx############|||#|#ger#u</controlfield><controlfield tag="009">AC04223829</controlfield><datafield ind1=" " ind2=" " tag="035"><subfield code="a">AC04223829</subfield></datafield><datafield ind1=" " ind2=" " tag="035"><subfield code="a">(AT-OBV)AC04223829</subfield></datafield><datafield ind1=" " ind2=" " tag="035"><subfield code="a">(Aleph)004211653ACC01</subfield></datafield><datafield ind1=" " ind2=" " tag="035"><subfield code="a">(DE-599)OBVAC04223829</subfield></datafield><datafield ind1=" " ind2=" " tag="035"><subfield code="a">(EXLNZ-43ACC_NETWORK)990042116530203331</subfield></datafield><datafield ind1=" " ind2=" " tag="040"><subfield code="a">UBG</subfield><subfield code="b">ger</subfield><subfield code="d">UBW</subfield><subfield code="e">rakwb</subfield></datafield><datafield ind1=" " ind2=" " tag="041"><subfield code="a">ger</subfield></datafield><datafield ind1=" " ind2=" " tag="044"><subfield code="c">XA-DXDE</subfield></datafield><datafield ind1="1" ind2=" " tag="100"><subfield code="a">Pfeffer, Wilhelm</subfield><subfield code="d">1845-1920</subfield><subfield code="0">(DE-588)118740733</subfield><subfield code="4">aut</subfield></datafield><datafield ind1="0" ind2="0" tag="245"><subfield code="a">&lt;&lt;Der&gt;&gt; Einfluss von mechanischer Hemmung und von Belastung auf die Schlafbewegungen</subfield><subfield code="c">von W. Pfeffer</subfield></datafield><datafield ind1=" " ind2="1" tag="264"><subfield code="a">Leipzig</subfield><subfield code="b">Teubner</subfield><subfield code="c">1911 [ersch.] 1913</subfield></datafield><datafield ind1=" " ind2=" " tag="300"><subfield code="a">V, 135 S.</subfield><subfield code="b">Ill., zahlr. graph. Darst.</subfield></datafield><datafield ind1="1" ind2=" " tag="490"><subfield code="a">Abhandlungen der Mathematisch-Physischen Klasse der Königlich-Sächsischen Gesellschaft der Wissenschaften</subfield><subfield code="v">32,3</subfield></datafield><datafield ind1="1" ind2=" " tag="490"><subfield code="a">Abhandlungen der Königlich-Sächsischen Gesellschaft der Wissenschaften</subfield><subfield code="v">62,3</subfield></datafield><datafield ind1=" " ind2=" " tag="500"><subfield code="a">Gesamtband erschienen als Lfg. 1(1909) - Lfg. 7(1913)</subfield></datafield><datafield ind1="0" ind2="0" tag="689"><subfield code="a">Pflanzen</subfield><subfield code="D">s</subfield><subfield code="0">(DE-588)4045539-7</subfield></datafield><datafield ind1="0" ind2="1" tag="689"><subfield code="a">Bewegung</subfield><subfield code="D">s</subfield><subfield code="0">(DE-588)4006311-2</subfield></datafield><datafield ind1="0" ind2="2" tag="689"><subfield code="a">Tagesrhythmus</subfield><subfield code="D">s</subfield><subfield code="0">(DE-588)4078131-8</subfield></datafield><datafield ind1="0" ind2="3" tag="689"><subfield code="a">Mechanischer Reiz</subfield><subfield code="D">s</subfield><subfield code="0">(DE-588)4447802-1</subfield></datafield><datafield ind1="0" ind2=" " tag="689"><subfield code="5">AT-OBV</subfield><subfield code="5">UBWS07</subfield></datafield><datafield ind1="1" ind2="8" tag="773"><subfield code="w">990020164230203339</subfield><subfield code="9">LOCAL</subfield></datafield><datafield ind1=" " ind2="0" tag="830"><subfield code="w">(AT-OBV)AC01134456</subfield><subfield code="v">32,3</subfield><subfield code="9">O:1</subfield></datafield><datafield ind1=" " ind2="0" tag="830"><subfield code="w">(AT-OBV)AC01538895</subfield><subfield code="v">62,3</subfield><subfield code="9">O:2</subfield></datafield><datafield ind1="1" ind2=" " tag="970"><subfield code="c">28</subfield></datafield><datafield ind1="0" ind2="s" tag="974"><subfield code="F">030</subfield><subfield code="A">z|1dcr|||||17</subfield></datafield><datafield ind1="0" ind2="s" tag="974"><subfield code="F">050</subfield><subfield code="A">a|a|||||||||||</subfield></datafield><datafield ind1="0" ind2="s" tag="974"><subfield code="F">051</subfield><subfield code="A">m||||||</subfield></datafield><datafield ind1="2" ind2=" " tag="980"><subfield code="a">ITM</subfield><subfield code="b">2028801</subfield><subfield code="l">UBG50</subfield><subfield code="9">LOCAL</subfield></datafield></record>