<record><leader>01004nam#a2200337zcb4500</leader><controlfield tag="001">990017692830203339</controlfield><controlfield tag="003">AT-OBV</controlfield><controlfield tag="005">20171114083200.0</controlfield><controlfield tag="007">tu</controlfield><controlfield tag="008">000522|1997####ua############|||#|#ger#u</controlfield><controlfield tag="009">AC02974865</controlfield><datafield ind1=" " ind2=" " tag="035"><subfield code="a">AC02974865</subfield></datafield><datafield ind1=" " ind2=" " tag="035"><subfield code="a">(AT-OBV)AC02974865</subfield></datafield><datafield ind1=" " ind2=" " tag="035"><subfield code="a">(Aleph)002971563ACC01</subfield></datafield><datafield ind1=" " ind2=" " tag="035"><subfield code="a">(EXLNZ-43ACC_NETWORK)990029715630203331</subfield></datafield><datafield ind1=" " ind2=" " tag="040"><subfield code="a">UBG</subfield><subfield code="b">ger</subfield><subfield code="e">rakwb</subfield></datafield><datafield ind1=" " ind2=" " tag="041"><subfield code="a">ger</subfield></datafield><datafield ind1=" " ind2=" " tag="044"><subfield code="c">XC-EG</subfield></datafield><datafield ind1="0" ind2="0" tag="245"><subfield code="a">Vom Wort zum Wort</subfield><subfield code="b">Festschrift für Moustafa Maher zum sechzigsten Geburtstag</subfield><subfield code="c">hrsg. von Nadia Metwally ...</subfield></datafield><datafield ind1=" " ind2="1" tag="264"><subfield code="a">Kairo</subfield><subfield code="b">Cairo Univ., German Dept.</subfield><subfield code="c">1997</subfield></datafield><datafield ind1=" " ind2=" " tag="300"><subfield code="a">834 S.</subfield></datafield><datafield ind1="1" ind2=" " tag="490"><subfield code="a">Kairoer germanistische Studien</subfield><subfield code="v">10</subfield></datafield><datafield ind1="1" ind2=" " tag="700"><subfield code="a">Metwally, Nadia</subfield><subfield code="4">edt</subfield></datafield><datafield ind1="1" ind2=" " tag="700"><subfield code="a">Maher, Moustafa: Festschrift</subfield><subfield code="4">hnr</subfield></datafield><datafield ind1="1" ind2="8" tag="773"><subfield code="w">(AT-OBV)AC00732653</subfield><subfield code="g">no:10</subfield><subfield code="9">LOCAL</subfield></datafield><datafield ind1=" " ind2="0" tag="830"><subfield code="w">(AT-OBV)AC00732653</subfield><subfield code="v">10</subfield><subfield code="9">O:1</subfield></datafield><datafield ind1="1" ind2=" " tag="970"><subfield code="c">17</subfield></datafield><datafield ind1="0" ind2="s" tag="974"><subfield code="F">030</subfield><subfield code="A">z|1dcr|||||||</subfield></datafield><datafield ind1="0" ind2="s" tag="974"><subfield code="F">050</subfield><subfield code="A">a|a|||||||||||</subfield></datafield><datafield ind1="0" ind2="s" tag="974"><subfield code="F">051</subfield><subfield code="A">s||||||</subfield></datafield><datafield ind1="2" ind2=" " tag="980"><subfield code="a">10</subfield><subfield code="9">LOCAL</subfield></datafield></record>