<record><leader>01559nam#a2200469#cb4500</leader><controlfield tag="001">990017921140203339</controlfield><controlfield tag="003">AT-OBV</controlfield><controlfield tag="005">20180201072000.0</controlfield><controlfield tag="007">tu</controlfield><controlfield tag="008">001009|1958####au############|||#|#ger#u</controlfield><controlfield tag="009">AC03053172</controlfield><datafield ind1=" " ind2=" " tag="035"><subfield code="a">AC03053172</subfield></datafield><datafield ind1=" " ind2=" " tag="035"><subfield code="a">(AT-OBV)AC03053172</subfield></datafield><datafield ind1=" " ind2=" " tag="035"><subfield code="a">(Aleph)003049273ACC01</subfield></datafield><datafield ind1=" " ind2=" " tag="035"><subfield code="a">(DE-599)OBVAC03053172</subfield></datafield><datafield ind1=" " ind2=" " tag="035"><subfield code="a">(EXLNZ-43ACC_NETWORK)990030492730203331</subfield></datafield><datafield ind1=" " ind2=" " tag="040"><subfield code="a">UBG</subfield><subfield code="b">ger</subfield><subfield code="d">LBK</subfield><subfield code="e">rakwb</subfield></datafield><datafield ind1=" " ind2=" " tag="041"><subfield code="a">ger</subfield></datafield><datafield ind1=" " ind2=" " tag="044"><subfield code="c">XA-AT</subfield></datafield><datafield ind1="1" ind2=" " tag="100"><subfield code="a">Fuhrmann, Franz</subfield><subfield code="d">1916-2016</subfield><subfield code="0">(DE-588)119418312</subfield><subfield code="4">aut</subfield></datafield><datafield ind1="0" ind2="0" tag="245"><subfield code="a">Alte Gärten in Salzburg</subfield><subfield code="b">vom Barock zur Romantik ; ... anlässlich der 25. Sonderausstellung im Museumspavillon Mirabell</subfield><subfield code="c">Franz Fuhrmann</subfield></datafield><datafield ind1=" " ind2="1" tag="264"><subfield code="a">Salzburg</subfield><subfield code="c">1958</subfield></datafield><datafield ind1=" " ind2=" " tag="300"><subfield code="a">20 S.</subfield><subfield code="b">zahlr. Ill.</subfield></datafield><datafield ind1="1" ind2=" " tag="490"><subfield code="a">Sonderausstellung / Salzburger Museum Carolino Augusteum, Museumspavillon Mirabellgarten</subfield><subfield code="v">25</subfield></datafield><datafield ind1="0" ind2="0" tag="689"><subfield code="a">Salzburg</subfield><subfield code="D">g</subfield><subfield code="0">(DE-588)4076982-3</subfield></datafield><datafield ind1="0" ind2="1" tag="689"><subfield code="a">Gartenkunst</subfield><subfield code="D">s</subfield><subfield code="0">(DE-588)4125179-9</subfield></datafield><datafield ind1="0" ind2="2" tag="689"><subfield code="a">Geschichte 1580-1850</subfield><subfield code="A">z</subfield></datafield><datafield ind1="0" ind2=" " tag="689"><subfield code="5">AT-OBV</subfield><subfield code="5">UMSRBS</subfield></datafield><datafield ind1="1" ind2="0" tag="689"><subfield code="a">Garten</subfield><subfield code="D">s</subfield><subfield code="0">(DE-588)4019286-6</subfield></datafield><datafield ind1="1" ind2="1" tag="689"><subfield code="a">Salzburg</subfield><subfield code="D">g</subfield><subfield code="0">(DE-588)4076982-3</subfield></datafield><datafield ind1="1" ind2=" " tag="689"><subfield code="5">AT-OBV</subfield><subfield code="5">ONB-PI</subfield></datafield><datafield ind1="2" ind2="0" tag="689"><subfield code="a">Salzburg</subfield><subfield code="D">g</subfield><subfield code="0">(DE-588)4076982-3</subfield></datafield><datafield ind1="2" ind2="1" tag="689"><subfield code="a">Garten</subfield><subfield code="D">s</subfield><subfield code="0">(DE-588)4019286-6</subfield></datafield><datafield ind1="2" ind2="2" tag="689"><subfield code="a">Geschichte 17.-19. Jh.</subfield><subfield code="A">z</subfield></datafield><datafield ind1="2" ind2=" " tag="689"><subfield code="5">AT-OBV</subfield><subfield code="5">ONB-PI</subfield></datafield><datafield ind1="1" ind2="8" tag="773"><subfield code="w">(AT-OBV)AC00117605</subfield><subfield code="g">no:25</subfield><subfield code="9">LOCAL</subfield></datafield><datafield ind1=" " ind2="0" tag="830"><subfield code="w">(AT-OBV)AC00117605</subfield><subfield code="v">25</subfield><subfield code="9">O:1</subfield></datafield><datafield ind1="1" ind2=" " tag="970"><subfield code="c">42</subfield></datafield><datafield ind1="0" ind2="s" tag="974"><subfield code="F">030</subfield><subfield code="A">a|1dcr|||||17</subfield></datafield><datafield ind1="0" ind2="s" tag="974"><subfield code="F">050</subfield><subfield code="A">a|a|||||||||||</subfield></datafield><datafield ind1="0" ind2="s" tag="974"><subfield code="F">051</subfield><subfield code="A">s||||||</subfield></datafield><datafield ind1="2" ind2=" " tag="980"><subfield code="a">25</subfield><subfield code="9">LOCAL</subfield></datafield></record>