<record><leader>01018nam#a2200313zc#4500</leader><controlfield tag="001">990020354840203339</controlfield><controlfield tag="003">AT-OBV</controlfield><controlfield tag="005">20171114115400.0</controlfield><controlfield tag="007">tu</controlfield><controlfield tag="008">041130|1729####au############|||#|#ger#u</controlfield><controlfield tag="009">AC04324624</controlfield><datafield ind1=" " ind2=" " tag="035"><subfield code="a">AC04324624</subfield></datafield><datafield ind1=" " ind2=" " tag="035"><subfield code="a">(AT-OBV)AC04324624</subfield></datafield><datafield ind1=" " ind2=" " tag="035"><subfield code="a">(Aleph)004311611ACC01</subfield></datafield><datafield ind1=" " ind2=" " tag="035"><subfield code="a">(EXLNZ-43ACC_NETWORK)990043116110203331</subfield></datafield><datafield ind1=" " ind2=" " tag="040"><subfield code="a">UBG</subfield><subfield code="b">ger</subfield><subfield code="e">rakwb</subfield></datafield><datafield ind1=" " ind2=" " tag="041"><subfield code="a">ger</subfield></datafield><datafield ind1=" " ind2=" " tag="044"><subfield code="c">XA-AT</subfield><subfield code="c">XA-AAAT</subfield></datafield><datafield ind1="0" ind2="0" tag="245"><subfield code="a">Zuwissen daß anheut zu End gesetzten Dato auf eingelangte gnädigste Resolutionen dat. Laxenburg von 29. May ... in puncto der Extraction, und des Durchtribs einer jährlichen Anzahl Ochsen ...</subfield><subfield code="c">Antoni Joseph von Tantzenberg</subfield></datafield><datafield ind1=" " ind2="1" tag="264"><subfield code="a">Graetz</subfield><subfield code="c">1729</subfield></datafield><datafield ind1=" " ind2=" " tag="300"><subfield code="a">[7] S.</subfield></datafield><datafield ind1="1" ind2=" " tag="700"><subfield code="a">Tantzenberg, Anton Joseph</subfield><subfield code="4">ctb</subfield></datafield><datafield ind1=" " ind2=" " tag="751"><subfield code="a">Graz</subfield><subfield code="4">pup</subfield></datafield><datafield ind1="1" ind2="8" tag="773"><subfield code="w">990004154170203339</subfield><subfield code="g">no:LKR</subfield><subfield code="9">LOCAL</subfield></datafield><datafield ind1="1" ind2=" " tag="970"><subfield code="c">08</subfield></datafield><datafield ind1="0" ind2="s" tag="974"><subfield code="F">030</subfield><subfield code="A">z|1dcr|||||37</subfield></datafield><datafield ind1="0" ind2="s" tag="974"><subfield code="F">050</subfield><subfield code="A">a|a|||||||||||</subfield></datafield><datafield ind1="0" ind2="s" tag="974"><subfield code="F">051</subfield><subfield code="A">m||||||</subfield></datafield><datafield ind1="2" ind2=" " tag="980"><subfield code="a">ITM</subfield><subfield code="b">368846</subfield><subfield code="l">UBG50</subfield><subfield code="v">LKR</subfield><subfield code="9">LOCAL</subfield></datafield></record>