<record><leader>00929nam#a2200325zc#4500</leader><controlfield tag="001">990020480410203339</controlfield><controlfield tag="003">AT-OBV</controlfield><controlfield tag="005">20171114121000.0</controlfield><controlfield tag="007">tu</controlfield><controlfield tag="008">050225|1936####xx############|||#|#ger#u</controlfield><controlfield tag="009">AC04426778</controlfield><datafield ind1=" " ind2=" " tag="035"><subfield code="a">AC04426778</subfield></datafield><datafield ind1=" " ind2=" " tag="035"><subfield code="a">(AT-OBV)AC04426778</subfield></datafield><datafield ind1=" " ind2=" " tag="035"><subfield code="a">(Aleph)004413154ACC01</subfield></datafield><datafield ind1=" " ind2=" " tag="035"><subfield code="a">(EXLNZ-43ACC_NETWORK)990044131540203331</subfield></datafield><datafield ind1=" " ind2=" " tag="040"><subfield code="a">UBG</subfield><subfield code="b">ger</subfield><subfield code="e">rakwb</subfield></datafield><datafield ind1=" " ind2=" " tag="041"><subfield code="a">ger</subfield></datafield><datafield ind1=" " ind2=" " tag="044"><subfield code="c">XA-DXDE</subfield></datafield><datafield ind1="1" ind2=" " tag="100"><subfield code="a">Weber, Friedl</subfield><subfield code="d">1886-</subfield><subfield code="0">(DE-588)11772565X</subfield><subfield code="4">aut</subfield></datafield><datafield ind1="0" ind2="0" tag="245"><subfield code="a">&lt;&lt;Das&gt;&gt; Wort Protoplasma</subfield><subfield code="c">von Friedl Weber</subfield></datafield><datafield ind1=" " ind2="1" tag="264"><subfield code="a">[S.l.]</subfield><subfield code="c">1936</subfield></datafield><datafield ind1=" " ind2=" " tag="300"><subfield code="a">S. 109 - 112</subfield><subfield code="b">Ill.</subfield></datafield><datafield ind1=" " ind2=" " tag="500"><subfield code="a">Literaturverz. S. 112</subfield></datafield><datafield ind1=" " ind2=" " tag="500"><subfield code="a">Aus: Protoplasma ; 26</subfield></datafield><datafield ind1="1" ind2="8" tag="773"><subfield code="w">990015182000203339</subfield><subfield code="g">no:LKR Index 21/30</subfield><subfield code="9">LOCAL</subfield></datafield><datafield ind1="1" ind2=" " tag="970"><subfield code="c">28</subfield></datafield><datafield ind1="0" ind2="s" tag="974"><subfield code="F">030</subfield><subfield code="A">z|1dcr|||||17</subfield></datafield><datafield ind1="0" ind2="s" tag="974"><subfield code="F">050</subfield><subfield code="A">a|a|||||||||||</subfield></datafield><datafield ind1="0" ind2="s" tag="974"><subfield code="F">051</subfield><subfield code="A">m||||||</subfield></datafield><datafield ind1="2" ind2=" " tag="980"><subfield code="a">ITM</subfield><subfield code="b">1471617</subfield><subfield code="l">UBG50</subfield><subfield code="v">LKR Index 21/30</subfield><subfield code="9">LOCAL</subfield></datafield></record>