<record><leader>00949nam#a2200313zcb4500</leader><controlfield tag="001">990020461880203339</controlfield><controlfield tag="003">AT-OBV</controlfield><controlfield tag="005">20171114120500.0</controlfield><controlfield tag="007">tu</controlfield><controlfield tag="008">050217|1940####xx############|||#|#ger#u</controlfield><controlfield tag="009">AC04398703</controlfield><datafield ind1=" " ind2=" " tag="035"><subfield code="a">AC04398703</subfield></datafield><datafield ind1=" " ind2=" " tag="035"><subfield code="a">(AT-OBV)AC04398703</subfield></datafield><datafield ind1=" " ind2=" " tag="035"><subfield code="a">(Aleph)004385128ACC01</subfield></datafield><datafield ind1=" " ind2=" " tag="035"><subfield code="a">(EXLNZ-43ACC_NETWORK)990043851280203331</subfield></datafield><datafield ind1=" " ind2=" " tag="040"><subfield code="a">UBG</subfield><subfield code="b">ger</subfield><subfield code="e">rakwb</subfield></datafield><datafield ind1=" " ind2=" " tag="041"><subfield code="a">ger</subfield></datafield><datafield ind1=" " ind2=" " tag="044"><subfield code="c">XA-DXDE</subfield></datafield><datafield ind1="1" ind2=" " tag="100"><subfield code="a">Rodenwaldt, Ernst</subfield><subfield code="d">1878-1965</subfield><subfield code="0">(DE-588)116579277</subfield><subfield code="4">aut</subfield></datafield><datafield ind1="0" ind2="0" tag="245"><subfield code="a">&lt;&lt;Die&gt;&gt; Rassenmischung als historisch-biologisches Problem</subfield><subfield code="c">von Ernst Rodenwaldt</subfield></datafield><datafield ind1=" " ind2="1" tag="264"><subfield code="a">Bremen</subfield><subfield code="b">Geist</subfield><subfield code="c">1940</subfield></datafield><datafield ind1=" " ind2=" " tag="300"><subfield code="a">S. [31] - 52</subfield></datafield><datafield ind1="1" ind2=" " tag="490"><subfield code="a">Bremer Beiträge zur Naturwissenschaft</subfield><subfield code="v">6,2</subfield></datafield><datafield ind1="1" ind2="8" tag="773"><subfield code="w">990020461710203339</subfield><subfield code="9">LOCAL</subfield></datafield><datafield ind1=" " ind2="0" tag="830"><subfield code="w">(AT-OBV)AC02852136</subfield><subfield code="v">6,2</subfield><subfield code="9">O:1</subfield></datafield><datafield ind1="0" ind2="s" tag="974"><subfield code="F">030</subfield><subfield code="A">z|1dcr|||||17</subfield></datafield><datafield ind1="0" ind2="s" tag="974"><subfield code="F">050</subfield><subfield code="A">a|a|||||||||||</subfield></datafield><datafield ind1="0" ind2="s" tag="974"><subfield code="F">051</subfield><subfield code="A">s||||||</subfield></datafield><datafield ind1="2" ind2=" " tag="980"><subfield code="a">ITM</subfield><subfield code="b">2063784</subfield><subfield code="l">UBG50</subfield><subfield code="9">LOCAL</subfield></datafield></record>