<record><leader>01160nam#a2200361#cb4500</leader><controlfield tag="001">990020628770203339</controlfield><controlfield tag="003">AT-OBV</controlfield><controlfield tag="005">20171114122300.0</controlfield><controlfield tag="007">tu</controlfield><controlfield tag="008">050523|2004####be############|||#|#eng#u</controlfield><controlfield tag="009">AC04515420</controlfield><datafield ind1=" " ind2=" " tag="035"><subfield code="a">AC04515420</subfield></datafield><datafield ind1=" " ind2=" " tag="035"><subfield code="a">(AT-OBV)AC04515420</subfield></datafield><datafield ind1=" " ind2=" " tag="035"><subfield code="a">(Aleph)004501149ACC01</subfield></datafield><datafield ind1=" " ind2=" " tag="035"><subfield code="a">(EXLNZ-43ACC_NETWORK)990045011490203331</subfield></datafield><datafield ind1=" " ind2=" " tag="040"><subfield code="a">UBG</subfield><subfield code="b">ger</subfield><subfield code="e">rakwb</subfield></datafield><datafield ind1=" " ind2=" " tag="041"><subfield code="a">eng</subfield></datafield><datafield ind1=" " ind2=" " tag="044"><subfield code="c">XA-BE</subfield></datafield><datafield ind1="1" ind2=" " tag="100"><subfield code="a">Ronveaux, André</subfield><subfield code="4">aut</subfield></datafield><datafield ind1="0" ind2="0" tag="245"><subfield code="a">Rediscovering the contributions of Rodrigues on the representation of special functions</subfield><subfield code="c">A. Ronveaux ; J. Mawhin</subfield></datafield><datafield ind1=" " ind2="1" tag="264"><subfield code="a">Louvain-la-Neuve</subfield><subfield code="b">UCL</subfield><subfield code="c">2004</subfield></datafield><datafield ind1=" " ind2=" " tag="300"><subfield code="a">19 S., [2] Bl.</subfield><subfield code="b">Ill.</subfield></datafield><datafield ind1="1" ind2=" " tag="490"><subfield code="a">Rapport / Université Catholique de Louvain, Institut de Mathématique Pure et Appliquée, Séminaire de Mathématique</subfield><subfield code="v">325</subfield></datafield><datafield ind1=" " ind2=" " tag="500"><subfield code="a">Literaturverz. S. 8 - 10</subfield></datafield><datafield ind1="1" ind2=" " tag="700"><subfield code="a">Mawhin, Jean</subfield><subfield code="4">aut</subfield></datafield><datafield ind1="1" ind2="8" tag="773"><subfield code="w">(AT-OBV)AC01231907</subfield><subfield code="g">no:325</subfield><subfield code="9">LOCAL</subfield></datafield><datafield ind1=" " ind2="0" tag="830"><subfield code="w">(AT-OBV)AC01231907</subfield><subfield code="v">325</subfield><subfield code="9">O:1</subfield></datafield><datafield ind1="0" ind2="1" tag="900"><subfield code="a">Ronveaux, A.</subfield></datafield><datafield ind1="1" ind2=" " tag="970"><subfield code="c">23</subfield></datafield><datafield ind1="0" ind2="s" tag="974"><subfield code="F">030</subfield><subfield code="A">a|1ucr|||||17</subfield></datafield><datafield ind1="0" ind2="s" tag="974"><subfield code="F">050</subfield><subfield code="A">a|a|||||||||||</subfield></datafield><datafield ind1="0" ind2="s" tag="974"><subfield code="F">051</subfield><subfield code="A">s|||||||</subfield></datafield><datafield ind1="2" ind2=" " tag="980"><subfield code="a">325</subfield><subfield code="9">LOCAL</subfield></datafield></record>