<record><leader>01796nam#a22005298cb4500</leader><controlfield tag="001">990020713250203339</controlfield><controlfield tag="003">AT-OBV</controlfield><controlfield tag="005">20180212081800.0</controlfield><controlfield tag="007">tu</controlfield><controlfield tag="008">031128|2003####gw############|||#u#ger#u</controlfield><controlfield tag="009">AC03905149</controlfield><datafield ind1=" " ind2=" " tag="015"><subfield code="a">03,N38,0889</subfield><subfield code="2">dnb</subfield></datafield><datafield ind1=" " ind2=" " tag="020"><subfield code="a">3896652788</subfield><subfield code="c">Pb. : EUR 17.50</subfield></datafield><datafield ind1="3" ind2=" " tag="024"><subfield code="a">9783896652782</subfield></datafield><datafield ind1=" " ind2=" " tag="035"><subfield code="a">AC03905149</subfield></datafield><datafield ind1=" " ind2=" " tag="035"><subfield code="a">(AT-OBV)AC03905149</subfield></datafield><datafield ind1=" " ind2=" " tag="035"><subfield code="a">(Aleph)003893778ACC01</subfield></datafield><datafield ind1=" " ind2=" " tag="035"><subfield code="a">(EXLNZ-43ACC_NETWORK)990038937780203331</subfield></datafield><datafield ind1=" " ind2=" " tag="040"><subfield code="a">UBI</subfield><subfield code="b">ger</subfield><subfield code="c">292</subfield><subfield code="d">UBI</subfield><subfield code="e">rakddb</subfield></datafield><datafield ind1=" " ind2=" " tag="041"><subfield code="a">ger</subfield></datafield><datafield ind1=" " ind2=" " tag="044"><subfield code="c">XA-DE</subfield></datafield><datafield ind1=" " ind2=" " tag="084"><subfield code="a">50</subfield><subfield code="q">DE-101</subfield><subfield code="2">sdnb</subfield></datafield><datafield ind1=" " ind2=" " tag="084"><subfield code="a">76.11</subfield><subfield code="2">bkl</subfield><subfield code="9">O: Automatisch aus GBV_2011-10 2012-06-12</subfield></datafield><datafield ind1=" " ind2=" " tag="084"><subfield code="a">ZX 7350</subfield><subfield code="2">rvk</subfield><subfield code="9">O: Automatisch aus BVB_2013-06 2013-05-13</subfield></datafield><datafield ind1=" " ind2=" " tag="084"><subfield code="a">ZX 7120</subfield><subfield code="2">rvk</subfield><subfield code="9">O: Automatisch aus BVB_2013-06 2013-05-13</subfield></datafield><datafield ind1=" " ind2=" " tag="084"><subfield code="a">ZY 1660</subfield><subfield code="2">rvk</subfield><subfield code="9">O: Automatisch aus BVB_2013-06 2013-05-13</subfield></datafield><datafield ind1=" " ind2=" " tag="084"><subfield code="a">DG 9500</subfield><subfield code="2">rvk</subfield><subfield code="9">O: Automatisch aus BVB_2013-06 2013-05-13</subfield></datafield><datafield ind1=" " ind2=" " tag="090"><subfield code="h">h</subfield></datafield><datafield ind1="0" ind2="0" tag="245"><subfield code="a">Kinder auf der Straße</subfield><subfield code="b">Bewegung zwischen Begeisterung und Bedrohung</subfield><subfield code="c">hrsg. von Claudia Podlich und Wilhelm Kleine</subfield></datafield><datafield ind1=" " ind2=" " tag="250"><subfield code="a">1. Aufl.</subfield></datafield><datafield ind1=" " ind2="1" tag="264"><subfield code="a">Sankt Augustin</subfield><subfield code="b">Academia-Verl.</subfield><subfield code="c">2003</subfield></datafield><datafield ind1=" " ind2=" " tag="300"><subfield code="a">171 S.</subfield><subfield code="b">Ill., graph. Darst.</subfield><subfield code="c">235 mm x 155 mm</subfield></datafield><datafield ind1="1" ind2=" " tag="490"><subfield code="a">Brennpunkte der Sportwissenschaft</subfield><subfield code="v">26</subfield></datafield><datafield ind1=" " ind2=" " tag="500"><subfield code="a">Literaturangaben</subfield></datafield><datafield ind1="0" ind2="0" tag="689"><subfield code="a">Kind</subfield><subfield code="a">Obdachlosigkeit</subfield><subfield code="D">s</subfield><subfield code="0">ALTEVK</subfield></datafield><datafield ind1="0" ind2="1" tag="689"><subfield code="a">Straße</subfield><subfield code="D">s</subfield><subfield code="0">(DE-588)4057883-5</subfield></datafield><datafield ind1="0" ind2="2" tag="689"><subfield code="a">Unfallort</subfield><subfield code="D">s</subfield><subfield code="0">(DE-588)4520107-9</subfield></datafield><datafield ind1="0" ind2="3" tag="689"><subfield code="a">Aufsatzsammlung</subfield><subfield code="A">f</subfield></datafield><datafield ind1="0" ind2=" " tag="689"><subfield code="5">AT-OBV</subfield><subfield code="5">UBISA.</subfield></datafield><datafield ind1="1" ind2=" " tag="700"><subfield code="a">Podlich, Claudia</subfield><subfield code="4">edt</subfield></datafield><datafield ind1="1" ind2="8" tag="773"><subfield code="w">(AT-OBV)AC00744580</subfield><subfield code="g">no:26</subfield><subfield code="9">LOCAL</subfield></datafield><datafield ind1=" " ind2="0" tag="830"><subfield code="w">(AT-OBV)AC00744580</subfield><subfield code="v">26</subfield><subfield code="9">O:1</subfield></datafield><datafield ind1="1" ind2=" " tag="970"><subfield code="c">49</subfield></datafield><datafield ind1="0" ind2="s" tag="974"><subfield code="F">030</subfield><subfield code="A">u|1daz|z|||37</subfield></datafield><datafield ind1="0" ind2="s" tag="974"><subfield code="F">050</subfield><subfield code="A">a|a|||||||||||</subfield></datafield><datafield ind1="0" ind2="s" tag="974"><subfield code="F">051</subfield><subfield code="A">s|||z|||</subfield></datafield><datafield ind1="2" ind2=" " tag="980"><subfield code="a">26</subfield><subfield code="9">LOCAL</subfield></datafield></record>