<record><leader>01060nam#a2200349#cb4500</leader><controlfield tag="001">990020814090203339</controlfield><controlfield tag="003">AT-OBV</controlfield><controlfield tag="005">20171114125300.0</controlfield><controlfield tag="007">tu</controlfield><controlfield tag="008">050927|1923####au############|||#|#ger#u</controlfield><controlfield tag="009">AC04689779</controlfield><datafield ind1=" " ind2=" " tag="035"><subfield code="a">AC04689779</subfield></datafield><datafield ind1=" " ind2=" " tag="035"><subfield code="a">(AT-OBV)AC04689779</subfield></datafield><datafield ind1=" " ind2=" " tag="035"><subfield code="a">(Aleph)004674143ACC01</subfield></datafield><datafield ind1=" " ind2=" " tag="035"><subfield code="a">(EXLNZ-43ACC_NETWORK)990046741430203331</subfield></datafield><datafield ind1=" " ind2=" " tag="040"><subfield code="a">UBG</subfield><subfield code="b">ger</subfield><subfield code="d">UBI</subfield><subfield code="e">rakwb</subfield></datafield><datafield ind1=" " ind2=" " tag="041"><subfield code="a">ger</subfield></datafield><datafield ind1=" " ind2=" " tag="044"><subfield code="c">XA-AT</subfield></datafield><datafield ind1="1" ind2=" " tag="100"><subfield code="a">Kunzfeld, Alois</subfield><subfield code="4">aut</subfield></datafield><datafield ind1="0" ind2="0" tag="245"><subfield code="a">&lt;&lt;Die&gt;&gt; Kirche Maria-Stiegen oder unserer lieben Frau am Gestade</subfield><subfield code="c">von Alois Kunzfeld</subfield></datafield><datafield ind1=" " ind2="1" tag="264"><subfield code="a">Wien</subfield><subfield code="b">Österr. Bundesverl. für Unterricht, Wissenschaft und Kunst</subfield><subfield code="c">[ca. 1923]</subfield></datafield><datafield ind1=" " ind2=" " tag="300"><subfield code="a">11 S.</subfield><subfield code="b">Ill., Kt.</subfield></datafield><datafield ind1="1" ind2=" " tag="490"><subfield code="a">Heimatkundliche Wanderungen</subfield><subfield code="v">49</subfield></datafield><datafield ind1="8" ind2="0" tag="505"><subfield code="a">Literaturverz. S. [12]</subfield></datafield><datafield ind1=" " ind2=" " tag="546"><subfield code="b">In Fraktur</subfield></datafield><datafield ind1="1" ind2="8" tag="773"><subfield code="w">990020814030203339</subfield><subfield code="9">LOCAL</subfield></datafield><datafield ind1=" " ind2="0" tag="830"><subfield code="w">(AT-OBV)AC00919158</subfield><subfield code="v">49</subfield><subfield code="9">O:1</subfield></datafield><datafield ind1="1" ind2=" " tag="970"><subfield code="c">42</subfield></datafield><datafield ind1="0" ind2="s" tag="974"><subfield code="F">030</subfield><subfield code="A">a|1ucr|||||17</subfield></datafield><datafield ind1="0" ind2="s" tag="974"><subfield code="F">050</subfield><subfield code="A">a|a|||||||||||</subfield></datafield><datafield ind1="0" ind2="s" tag="974"><subfield code="F">051</subfield><subfield code="A">s|||||||</subfield></datafield><datafield ind1="2" ind2=" " tag="980"><subfield code="a">ITM</subfield><subfield code="b">2107640</subfield><subfield code="l">UBG50</subfield><subfield code="9">LOCAL</subfield></datafield></record>