<record><leader>01725nam#a2200517#cb4500</leader><controlfield tag="001">990021290240203339</controlfield><controlfield tag="003">AT-OBV</controlfield><controlfield tag="005">20180224023300.0</controlfield><controlfield tag="007">tu</controlfield><controlfield tag="008">060727|2002####gw############|||#|#ger#u</controlfield><controlfield tag="009">AC05616335</controlfield><datafield ind1=" " ind2=" " tag="020"><subfield code="a">3886197824</subfield></datafield><datafield ind1=" " ind2=" " tag="035"><subfield code="a">AC05616335</subfield></datafield><datafield ind1=" " ind2=" " tag="035"><subfield code="a">(AT-OBV)AC05616335</subfield></datafield><datafield ind1=" " ind2=" " tag="035"><subfield code="a">(Aleph)005374721ACC01</subfield></datafield><datafield ind1=" " ind2=" " tag="035"><subfield code="a">(EXLNZ-43ACC_NETWORK)990053747210203331</subfield></datafield><datafield ind1=" " ind2=" " tag="040"><subfield code="a">UBG</subfield><subfield code="b">ger</subfield><subfield code="e">rakwb</subfield></datafield><datafield ind1=" " ind2=" " tag="041"><subfield code="a">ger</subfield></datafield><datafield ind1=" " ind2=" " tag="044"><subfield code="c">XA-DE</subfield></datafield><datafield ind1=" " ind2=" " tag="084"><subfield code="a">77.24</subfield><subfield code="2">bkl</subfield><subfield code="9">O: Automatisch aus GBV_2011-10 2012-06-08</subfield></datafield><datafield ind1=" " ind2=" " tag="084"><subfield code="a">CV 9500</subfield><subfield code="2">rvk</subfield></datafield><datafield ind1="0" ind2="0" tag="245"><subfield code="a">Behinderung, Kritik der Berliner Altersstudie, Rassismusforschung: Kontroverse in der kritischen Psychologie</subfield><subfield code="c">[Frigga Haug ...]</subfield></datafield><datafield ind1=" " ind2="1" tag="264"><subfield code="a">Hamburg</subfield><subfield code="b">Argument-Verl.</subfield><subfield code="c">2002</subfield></datafield><datafield ind1=" " ind2=" " tag="300"><subfield code="a">189 S.</subfield><subfield code="b">Ill.</subfield></datafield><datafield ind1="1" ind2=" " tag="490"><subfield code="a">Forum Kritische Psychologie</subfield><subfield code="v">44</subfield></datafield><datafield ind1=" " ind2=" " tag="500"><subfield code="a">Literaturangaben</subfield></datafield><datafield ind1=" " ind2=" " tag="546"><subfield code="a">Zsfassungen in dt. und engl. Sprache</subfield></datafield><datafield ind1="0" ind2="0" tag="689"><subfield code="a">Behinderung</subfield><subfield code="D">s</subfield><subfield code="0">(DE-588)4112696-8</subfield></datafield><datafield ind1="0" ind2="1" tag="689"><subfield code="a">Alter</subfield><subfield code="D">s</subfield><subfield code="0">(DE-588)4001446-0</subfield></datafield><datafield ind1="0" ind2="2" tag="689"><subfield code="a">Diskriminierung</subfield><subfield code="D">s</subfield><subfield code="0">(DE-588)4012472-1</subfield></datafield><datafield ind1="0" ind2="3" tag="689"><subfield code="a">Rassismus</subfield><subfield code="D">s</subfield><subfield code="0">(DE-588)4076527-1</subfield></datafield><datafield ind1="0" ind2="4" tag="689"><subfield code="a">Kritische Psychologie</subfield><subfield code="D">s</subfield><subfield code="0">(DE-588)4114318-8</subfield></datafield><datafield ind1="0" ind2="5" tag="689"><subfield code="a">Aufsatzsammlung</subfield><subfield code="A">f</subfield></datafield><datafield ind1="0" ind2=" " tag="689"><subfield code="5">AT-OBV</subfield><subfield code="5">Automatisch aus BVB_2012-06 2013-05-30</subfield></datafield><datafield ind1="1" ind2="0" tag="689"><subfield code="a">Psychologie</subfield><subfield code="D">s</subfield><subfield code="0">(DE-588)4047704-6</subfield></datafield><datafield ind1="1" ind2="1" tag="689"><subfield code="a">Zeitschrift</subfield><subfield code="A">f</subfield></datafield><datafield ind1="1" ind2=" " tag="689"><subfield code="5">AT-OBV</subfield><subfield code="5">Automatisch aus BVB_2012-06 2013-05-30</subfield></datafield><datafield ind1="1" ind2=" " tag="700"><subfield code="a">Haug, Frigga</subfield><subfield code="d">1937-</subfield><subfield code="0">(DE-588)118828665</subfield><subfield code="4">ctb</subfield></datafield><datafield ind1="1" ind2="8" tag="773"><subfield code="w">(AT-OBV)AC00189357</subfield><subfield code="g">no:44</subfield><subfield code="9">LOCAL</subfield></datafield><datafield ind1=" " ind2="0" tag="830"><subfield code="w">(AT-OBV)AC00189357</subfield><subfield code="v">44</subfield><subfield code="9">O:1</subfield></datafield><datafield ind1="1" ind2=" " tag="970"><subfield code="c">05</subfield></datafield><datafield ind1="4" ind2=" " tag="970"><subfield code="b">BVBKAT</subfield></datafield><datafield ind1="0" ind2="s" tag="974"><subfield code="F">030</subfield><subfield code="A">a|1ucr|||||37</subfield></datafield><datafield ind1="0" ind2="s" tag="974"><subfield code="F">050</subfield><subfield code="A">a|a|||||||||||</subfield></datafield><datafield ind1="0" ind2="s" tag="974"><subfield code="F">051</subfield><subfield code="A">s|||||||</subfield></datafield><datafield ind1="2" ind2=" " tag="980"><subfield code="a">44</subfield><subfield code="9">LOCAL</subfield></datafield></record>