<record><leader>01430nam#a2200385#cc4500</leader><controlfield tag="001">990021025540203339</controlfield><controlfield tag="003">AT-OBV</controlfield><controlfield tag="005">20180224071200.0</controlfield><controlfield tag="007">cr#|||||||||||</controlfield><controlfield tag="007">tu</controlfield><controlfield tag="008">060215|1843####xx############|||#|#ger#u</controlfield><controlfield tag="009">AC04952695</controlfield><datafield ind1="7" ind2=" " tag="024"><subfield code="a">urn:nbn:de:bvb:12-bsb10074945-4</subfield><subfield code="2">urn</subfield></datafield><datafield ind1=" " ind2=" " tag="035"><subfield code="a">AC04952695</subfield></datafield><datafield ind1=" " ind2=" " tag="035"><subfield code="a">(AT-OBV)AC04952695</subfield></datafield><datafield ind1=" " ind2=" " tag="035"><subfield code="a">(Aleph)004935410ACC01</subfield></datafield><datafield ind1=" " ind2=" " tag="035"><subfield code="a">(DE-599)OBVAC04952695</subfield></datafield><datafield ind1=" " ind2=" " tag="035"><subfield code="a">(EXLNZ-43ACC_NETWORK)990049354100203331</subfield></datafield><datafield ind1=" " ind2=" " tag="040"><subfield code="a">UBG</subfield><subfield code="b">ger</subfield><subfield code="d">TUW</subfield><subfield code="e">rakwb</subfield></datafield><datafield ind1=" " ind2=" " tag="041"><subfield code="a">ger</subfield></datafield><datafield ind1=" " ind2=" " tag="044"><subfield code="c">XA-DXDE</subfield></datafield><datafield ind1="1" ind2=" " tag="100"><subfield code="a">Bronn, Heinrich G.</subfield><subfield code="d">1800-1862</subfield><subfield code="0">(DE-588)116685417</subfield><subfield code="4">aut</subfield><subfield code="9">O:H</subfield></datafield><datafield ind1="0" ind2="0" tag="245"><subfield code="a">Handbuch einer Geschichte der Natur</subfield><subfield code="n">2</subfield><subfield code="p">III. Theil: Organisches Leben</subfield><subfield code="c">von Heinrich G. Bronn</subfield></datafield><datafield ind1=" " ind2="1" tag="264"><subfield code="a">Stuttgart</subfield><subfield code="b">Schweizerbart</subfield><subfield code="c">1843</subfield></datafield><datafield ind1=" " ind2=" " tag="300"><subfield code="a">XIV, 836 S.</subfield></datafield><datafield ind1="1" ind2=" " tag="490"><subfield code="a">Naturgeschichte der drei Reiche</subfield><subfield code="v">14</subfield></datafield><datafield ind1=" " ind2=" " tag="546"><subfield code="b">In Fraktur</subfield></datafield><datafield ind1="0" ind2="8" tag="773"><subfield code="w">(AT-OBV)AC04952614</subfield><subfield code="q">2</subfield></datafield><datafield ind1="1" ind2="8" tag="773"><subfield code="w">990021025500203339</subfield><subfield code="9">LOCAL</subfield></datafield><datafield ind1=" " ind2="0" tag="830"><subfield code="w">(AT-OBV)AC01135466</subfield><subfield code="v">14</subfield><subfield code="9">O:1</subfield></datafield><datafield ind1="4" ind2=" " tag="856"><subfield code="u">http://www.mdz-nbn-resolving.de/urn/resolver.pl?urn=urn:nbn:de:bvb:12-bsb10074945-4</subfield><subfield code="z">kostenfrei</subfield><subfield code="3">Volltext // digitalisiert von der Bayerischen Staatsbibliothek, München. Exemplar der Bayerischen Staatsbibliothek, München, mit der Signatur: Hist.Nat.78m-2</subfield></datafield><datafield ind1="0" ind2="s" tag="974"><subfield code="F">030</subfield><subfield code="A">a|1ucr|||||||</subfield></datafield><datafield ind1="0" ind2="s" tag="974"><subfield code="F">050</subfield><subfield code="A">a|a|||||g|||||</subfield></datafield><datafield ind1="0" ind2="s" tag="974"><subfield code="F">051</subfield><subfield code="A">||||||||</subfield></datafield><datafield ind1="2" ind2=" " tag="980"><subfield code="a">ITM</subfield><subfield code="b">2134940</subfield><subfield code="l">UBG50</subfield><subfield code="9">LOCAL</subfield></datafield></record>