<record><leader>01033nam#a2200349zcb4500</leader><controlfield tag="001">990021861720203339</controlfield><controlfield tag="003">AT-OBV</controlfield><controlfield tag="005">20171114110800.0</controlfield><controlfield tag="007">tu</controlfield><controlfield tag="008">040217|1981####ne############|||#|#ger#u</controlfield><controlfield tag="009">AC04009255</controlfield><datafield ind1=" " ind2=" " tag="035"><subfield code="a">AC04009255</subfield></datafield><datafield ind1=" " ind2=" " tag="035"><subfield code="a">(AT-OBV)AC04009255</subfield></datafield><datafield ind1=" " ind2=" " tag="035"><subfield code="a">(Aleph)003998324ACC01</subfield></datafield><datafield ind1=" " ind2=" " tag="035"><subfield code="a">(EXLNZ-43ACC_NETWORK)990039983240203331</subfield></datafield><datafield ind1=" " ind2=" " tag="040"><subfield code="a">MUL</subfield><subfield code="b">ger</subfield><subfield code="e">rakwb</subfield></datafield><datafield ind1=" " ind2=" " tag="041"><subfield code="a">ger</subfield></datafield><datafield ind1=" " ind2=" " tag="044"><subfield code="c">XA-NL</subfield></datafield><datafield ind1="0" ind2="0" tag="245"><subfield code="a">Flözunregelmäßigkeiten im Oberkarbon</subfield><subfield code="c">zsgest. von D. Stoppel ...</subfield></datafield><datafield ind1=" " ind2="1" tag="264"><subfield code="a">Haarlem</subfield><subfield code="c">1981</subfield></datafield><datafield ind1=" " ind2=" " tag="300"><subfield code="a">S. 269 - 332</subfield><subfield code="b">Ill., graph. Darst., Kt.</subfield></datafield><datafield ind1="1" ind2=" " tag="490"><subfield code="a">Mededelingen / Rijks Geologische Dienst</subfield><subfield code="v">35-8/14</subfield></datafield><datafield ind1=" " ind2=" " tag="500"><subfield code="a">Literaturangaben</subfield></datafield><datafield ind1=" " ind2=" " tag="546"><subfield code="a">Zsfassungen in engl. Sprache</subfield></datafield><datafield ind1="1" ind2=" " tag="700"><subfield code="a">Stoppel, D.</subfield><subfield code="4">edt</subfield></datafield><datafield ind1="1" ind2="8" tag="773"><subfield code="w">990021861670203339</subfield><subfield code="9">LOCAL</subfield></datafield><datafield ind1=" " ind2="0" tag="830"><subfield code="w">(AT-OBV)AC00011757</subfield><subfield code="v">35-8/14</subfield><subfield code="9">O:1</subfield></datafield><datafield ind1="0" ind2="s" tag="974"><subfield code="F">030</subfield><subfield code="A">z|1dcr|||||37</subfield></datafield><datafield ind1="0" ind2="s" tag="974"><subfield code="F">050</subfield><subfield code="A">a|a|||||||||||</subfield></datafield><datafield ind1="0" ind2="s" tag="974"><subfield code="F">051</subfield><subfield code="A">s||||||</subfield></datafield><datafield ind1="2" ind2=" " tag="980"><subfield code="a">ITM</subfield><subfield code="b">2234626</subfield><subfield code="l">UBG50</subfield><subfield code="9">LOCAL</subfield></datafield><datafield ind1="0" ind2=" " tag="993"><subfield code="a">DBHB</subfield><subfield code="9">LOCAL</subfield></datafield></record>