<record><leader>01513nam#a2200445#cb4500</leader><controlfield tag="001">990023086530203339</controlfield><controlfield tag="003">AT-OBV</controlfield><controlfield tag="005">20171114181600.0</controlfield><controlfield tag="007">tu</controlfield><controlfield tag="008">080407|1984####rm############1||#|#eng#u</controlfield><controlfield tag="009">AC06683333</controlfield><datafield ind1=" " ind2=" " tag="035"><subfield code="a">AC06683333</subfield></datafield><datafield ind1=" " ind2=" " tag="035"><subfield code="a">(AT-OBV)AC06683333</subfield></datafield><datafield ind1=" " ind2=" " tag="035"><subfield code="a">(Aleph)006610794ACC01</subfield></datafield><datafield ind1=" " ind2=" " tag="035"><subfield code="a">(DE-599)OBVAC06683333</subfield></datafield><datafield ind1=" " ind2=" " tag="035"><subfield code="a">(EXLNZ-43ACC_NETWORK)990066107940203331</subfield></datafield><datafield ind1=" " ind2=" " tag="040"><subfield code="a">UBG</subfield><subfield code="b">ger</subfield><subfield code="d">UBG</subfield><subfield code="e">rakwb</subfield></datafield><datafield ind1=" " ind2=" " tag="041"><subfield code="a">eng</subfield></datafield><datafield ind1=" " ind2=" " tag="044"><subfield code="c">XA-RO</subfield></datafield><datafield ind1=" " ind2=" " tag="084"><subfield code="a">31.00</subfield><subfield code="2">bkl</subfield><subfield code="9">O: Automatisch generiert aus Konkordanz MSC-BK</subfield></datafield><datafield ind1=" " ind2=" " tag="084"><subfield code="a">31.52</subfield><subfield code="2">bkl</subfield><subfield code="9">O: Automatisch generiert aus Konkordanz MSC-BK</subfield></datafield><datafield ind1=" " ind2=" " tag="084"><subfield code="a">00B25</subfield><subfield code="2">msc</subfield></datafield><datafield ind1=" " ind2=" " tag="084"><subfield code="a">53-06</subfield><subfield code="2">msc</subfield></datafield><datafield ind1="2" ind2=" " tag="111"><subfield code="a">Romanian Japanese Colloquium on Finsler Geometry</subfield><subfield code="d">1984</subfield><subfield code="c">Braşov</subfield><subfield code="0">(DE-588)811907-7</subfield><subfield code="4">aut</subfield></datafield><datafield ind1="0" ind2="0" tag="245"><subfield code="a">Dările de seamă ale Colocviului Româno-Japonez de Geomtrie Finsler</subfield></datafield><datafield ind1=" " ind2="1" tag="264"><subfield code="a">Iaşi</subfield><subfield code="c">1984</subfield></datafield><datafield ind1=" " ind2=" " tag="300"><subfield code="a">VII, 103 S.</subfield><subfield code="b">graph. Darst.</subfield></datafield><datafield ind1="1" ind2=" " tag="490"><subfield code="a">Analele ştiinţifice ale Universităţii "Al. I. Cuza" din Iaşi : Secţiunea Matematică = Secţiunea 1, Matematică</subfield><subfield code="v">30</subfield></datafield><datafield ind1=" " ind2=" " tag="500"><subfield code="a">Literaturangaben</subfield></datafield><datafield ind1="0" ind2="0" tag="689"><subfield code="a">Finsler-Geometrie</subfield><subfield code="D">s</subfield><subfield code="0">(DE-588)4451048-2</subfield></datafield><datafield ind1="0" ind2="1" tag="689"><subfield code="a">Kongress</subfield><subfield code="A">f</subfield></datafield><datafield ind1="0" ind2="2" tag="689"><subfield code="a">Kronstadt &lt;Siebenbürgen, 1984&gt;</subfield><subfield code="A">g</subfield></datafield><datafield ind1="0" ind2=" " tag="689"><subfield code="5">AT-OBV</subfield><subfield code="5">UBGSDL</subfield></datafield><datafield ind1="1" ind2="8" tag="773"><subfield code="w">(AT-OBV)AC02868640</subfield><subfield code="g">no:30,4</subfield><subfield code="9">LOCAL</subfield></datafield><datafield ind1=" " ind2="0" tag="830"><subfield code="w">(AT-OBV)AC02868640</subfield><subfield code="v">30</subfield><subfield code="9">O:1</subfield></datafield><datafield ind1="1" ind2=" " tag="970"><subfield code="c">23</subfield></datafield><datafield ind1="0" ind2="s" tag="974"><subfield code="F">030</subfield><subfield code="A">a|1dcr|||||27</subfield></datafield><datafield ind1="0" ind2="s" tag="974"><subfield code="F">050</subfield><subfield code="A">a|a|||||||||||</subfield></datafield><datafield ind1="0" ind2="s" tag="974"><subfield code="F">051</subfield><subfield code="A">sk|||||</subfield></datafield><datafield ind1="2" ind2=" " tag="980"><subfield code="a">30,4</subfield><subfield code="9">LOCAL</subfield></datafield></record>