<record><leader>01187nam#a2200361zcb4500</leader><controlfield tag="001">990022224710203339</controlfield><controlfield tag="003">AT-OBV</controlfield><controlfield tag="005">20171114174700.0</controlfield><controlfield tag="007">tu</controlfield><controlfield tag="008">071129|2006####sp############1||#|#eng#u</controlfield><controlfield tag="009">AC06465419</controlfield><datafield ind1=" " ind2=" " tag="035"><subfield code="a">AC06465419</subfield></datafield><datafield ind1=" " ind2=" " tag="035"><subfield code="a">(AT-OBV)AC06465419</subfield></datafield><datafield ind1=" " ind2=" " tag="035"><subfield code="a">(Aleph)006306396ACC01</subfield></datafield><datafield ind1=" " ind2=" " tag="035"><subfield code="a">(DE-599)OBVAC06465419</subfield></datafield><datafield ind1=" " ind2=" " tag="035"><subfield code="a">(EXLNZ-43ACC_NETWORK)990063063960203331</subfield></datafield><datafield ind1=" " ind2=" " tag="040"><subfield code="a">UBG</subfield><subfield code="b">ger</subfield><subfield code="e">rakwb</subfield></datafield><datafield ind1=" " ind2=" " tag="041"><subfield code="a">eng</subfield></datafield><datafield ind1=" " ind2=" " tag="044"><subfield code="c">XA-ES</subfield></datafield><datafield ind1="2" ind2=" " tag="111"><subfield code="a">International Symposium on Medicinal Chemistry</subfield><subfield code="n">19</subfield><subfield code="d">2006</subfield><subfield code="c">Istanbul</subfield><subfield code="0">(DE-588)6513569-6</subfield><subfield code="4">aut</subfield></datafield><datafield ind1="0" ind2="0" tag="245"><subfield code="a">Abstracts from the XIXth International Symposium on Medicinal Chemistry</subfield><subfield code="b">August 29 - September 2, Istanbul, Turkey</subfield></datafield><datafield ind1=" " ind2="1" tag="264"><subfield code="a">Barcelona [u.a.]</subfield><subfield code="b">Prous Science</subfield><subfield code="c">2006</subfield></datafield><datafield ind1=" " ind2=" " tag="300"><subfield code="a">241 S.</subfield><subfield code="b">Ill., graph. Darst.</subfield></datafield><datafield ind1="1" ind2=" " tag="490"><subfield code="a">Drugs of the future</subfield><subfield code="v">31.2006,Suppl.A</subfield></datafield><datafield ind1=" " ind2=" " tag="500"><subfield code="a">Einzelaufnahme eines Zeitschr.-H.</subfield></datafield><datafield ind1=" " ind2=" " tag="500"><subfield code="a">Literaturangaben</subfield></datafield><datafield ind1="1" ind2="8" tag="773"><subfield code="w">(AT-OBV)AC02595994</subfield><subfield code="g">no:31,S,A</subfield><subfield code="9">LOCAL</subfield></datafield><datafield ind1=" " ind2="0" tag="830"><subfield code="w">(AT-OBV)AC02595994</subfield><subfield code="v">31,S,A</subfield><subfield code="9">O:1</subfield></datafield><datafield ind1="1" ind2=" " tag="970"><subfield code="c">36</subfield></datafield><datafield ind1="0" ind2="s" tag="974"><subfield code="F">030</subfield><subfield code="A">z|1dcr|||||27</subfield></datafield><datafield ind1="0" ind2="s" tag="974"><subfield code="F">050</subfield><subfield code="A">a|a|||||||||||</subfield></datafield><datafield ind1="0" ind2="s" tag="974"><subfield code="F">051</subfield><subfield code="A">sk||||||</subfield></datafield><datafield ind1="2" ind2=" " tag="980"><subfield code="a">31,S,A</subfield><subfield code="9">LOCAL</subfield></datafield></record>