<record><leader>01311nam#a2200421#cb4500</leader><controlfield tag="001">990023371520203339</controlfield><controlfield tag="003">AT-OBV</controlfield><controlfield tag="005">20180224023000.0</controlfield><controlfield tag="007">tu</controlfield><controlfield tag="008">080925|1929####xx#######m####|||#|#ger#u</controlfield><controlfield tag="009">AC07013528</controlfield><datafield ind1=" " ind2=" " tag="035"><subfield code="a">AC07013528</subfield></datafield><datafield ind1=" " ind2=" " tag="035"><subfield code="a">(AT-OBV)AC07013528</subfield></datafield><datafield ind1=" " ind2=" " tag="035"><subfield code="a">(Aleph)007053141ACC01</subfield></datafield><datafield ind1=" " ind2=" " tag="035"><subfield code="a">(DE-599)OBVAC07013528</subfield></datafield><datafield ind1=" " ind2=" " tag="035"><subfield code="a">(EXLNZ-43ACC_NETWORK)990070531410203331</subfield></datafield><datafield ind1=" " ind2=" " tag="040"><subfield code="a">UBG</subfield><subfield code="b">ger</subfield><subfield code="d">UBS</subfield><subfield code="e">rakwb</subfield></datafield><datafield ind1=" " ind2=" " tag="041"><subfield code="a">ger</subfield></datafield><datafield ind1=" " ind2=" " tag="044"><subfield code="c">XA-DXDE</subfield></datafield><datafield ind1=" " ind2=" " tag="084"><subfield code="a">FH 33150</subfield><subfield code="2">rvk</subfield></datafield><datafield ind1="1" ind2=" " tag="100"><subfield code="a">Walzer, Richard</subfield><subfield code="d">1900-1975</subfield><subfield code="0">(DE-588)123279933</subfield><subfield code="4">aut</subfield></datafield><datafield ind1="0" ind2="0" tag="245"><subfield code="a">Magna Moralia und aristotelische Ethik</subfield><subfield code="c">Richard Walzer</subfield></datafield><datafield ind1=" " ind2="1" tag="264"><subfield code="a">Berlin</subfield><subfield code="b">Weidmann</subfield><subfield code="c">1929</subfield></datafield><datafield ind1=" " ind2=" " tag="300"><subfield code="a">IX, 300 S.</subfield><subfield code="c">24 cm</subfield></datafield><datafield ind1="1" ind2=" " tag="490"><subfield code="a">Neue philologische Untersuchungen</subfield><subfield code="v">7</subfield></datafield><datafield ind1=" " ind2=" " tag="502"><subfield code="a">Teilw. zugl.: Berlin, Univ., Diss., 1927</subfield></datafield><datafield ind1="0" ind2="0" tag="689"><subfield code="a">Aristoteles</subfield><subfield code="d">v384-v322</subfield><subfield code="t">Magna Moralia</subfield><subfield code="D">p</subfield><subfield code="0">(DE-588)4345411-2</subfield></datafield><datafield ind1="1" ind2="0" tag="689"><subfield code="a">Aristoteles</subfield><subfield code="d">v384-v322</subfield><subfield code="D">p</subfield><subfield code="0">(DE-588)118650130</subfield></datafield><datafield ind1="1" ind2="1" tag="689"><subfield code="a">Ethik</subfield><subfield code="D">s</subfield><subfield code="0">(DE-588)4015602-3</subfield></datafield><datafield ind1="1" ind2="8" tag="773"><subfield code="w">990023371420203339</subfield><subfield code="g">no:LKR</subfield><subfield code="9">LOCAL</subfield></datafield><datafield ind1=" " ind2="0" tag="830"><subfield code="w">(AT-OBV)AC01168886</subfield><subfield code="v">7</subfield><subfield code="9">O:1</subfield></datafield><datafield ind1="1" ind2=" " tag="970"><subfield code="c">04</subfield></datafield><datafield ind1="4" ind2=" " tag="970"><subfield code="b">BVBKAT</subfield></datafield><datafield ind1="0" ind2="s" tag="974"><subfield code="F">030</subfield><subfield code="A">a|1ucr|||||17</subfield></datafield><datafield ind1="0" ind2="s" tag="974"><subfield code="F">050</subfield><subfield code="A">a|a|||||||||||</subfield></datafield><datafield ind1="0" ind2="s" tag="974"><subfield code="F">051</subfield><subfield code="A">su||||||</subfield></datafield><datafield ind1="0" ind2="u" tag="974"><subfield code="V">908</subfield><subfield code="a">21</subfield></datafield><datafield ind1="2" ind2=" " tag="980"><subfield code="a">ITM</subfield><subfield code="b">2385351</subfield><subfield code="l">UBG50</subfield><subfield code="v">LKR</subfield><subfield code="9">LOCAL</subfield></datafield></record>