<record><leader>01001nam#a2200337#cb4500</leader><controlfield tag="001">990023634970203339</controlfield><controlfield tag="003">AT-OBV</controlfield><controlfield tag="005">20171114201800.0</controlfield><controlfield tag="007">tu</controlfield><controlfield tag="008">090312|1938####it############|||#|#ita#u</controlfield><controlfield tag="009">AC07530786</controlfield><datafield ind1=" " ind2=" " tag="035"><subfield code="a">AC07530786</subfield></datafield><datafield ind1=" " ind2=" " tag="035"><subfield code="a">(AT-OBV)AC07530786</subfield></datafield><datafield ind1=" " ind2=" " tag="035"><subfield code="a">(Aleph)007306820ACC01</subfield></datafield><datafield ind1=" " ind2=" " tag="035"><subfield code="a">(DE-599)OBVAC07530786</subfield></datafield><datafield ind1=" " ind2=" " tag="035"><subfield code="a">(EXLNZ-43ACC_NETWORK)990073068200203331</subfield></datafield><datafield ind1=" " ind2=" " tag="040"><subfield code="a">UBG</subfield><subfield code="b">ger</subfield><subfield code="e">rakwb</subfield></datafield><datafield ind1=" " ind2=" " tag="041"><subfield code="a">ita</subfield></datafield><datafield ind1=" " ind2=" " tag="044"><subfield code="c">XA-IT</subfield></datafield><datafield ind1="1" ind2=" " tag="100"><subfield code="a">Todorov, Yanko</subfield><subfield code="4">aut</subfield></datafield><datafield ind1="0" ind2="0" tag="245"><subfield code="a">&lt;&lt;Le&gt;&gt; grandi strade romane in Bulgaria</subfield><subfield code="c">Yanko Todorov</subfield></datafield><datafield ind1=" " ind2=" " tag="250"><subfield code="a">2. ed.</subfield></datafield><datafield ind1=" " ind2="1" tag="264"><subfield code="a">Roma</subfield><subfield code="b">Ist. di Studi Romani</subfield><subfield code="c">1938</subfield></datafield><datafield ind1=" " ind2=" " tag="300"><subfield code="a">33, III S.</subfield><subfield code="b">Ill., Kt.</subfield></datafield><datafield ind1="1" ind2=" " tag="490"><subfield code="a">Quaderni dell'Impero : Le grandi strade del mondo romano</subfield><subfield code="v">2</subfield></datafield><datafield ind1="1" ind2="8" tag="773"><subfield code="w">990023634930203339</subfield><subfield code="g">no:LKR</subfield><subfield code="9">LOCAL</subfield></datafield><datafield ind1=" " ind2="0" tag="830"><subfield code="w">(AT-OBV)AC07036237</subfield><subfield code="v">2,2</subfield><subfield code="9">O:1</subfield></datafield><datafield ind1="0" ind2="s" tag="974"><subfield code="F">030</subfield><subfield code="A">a|1uc||||||17</subfield></datafield><datafield ind1="0" ind2="s" tag="974"><subfield code="F">050</subfield><subfield code="A">a|||||||||||||</subfield></datafield><datafield ind1="0" ind2="s" tag="974"><subfield code="F">051</subfield><subfield code="A">s|||||||</subfield></datafield><datafield ind1="2" ind2=" " tag="980"><subfield code="a">ITM</subfield><subfield code="b">2417591</subfield><subfield code="l">UBG50</subfield><subfield code="v">LKR</subfield><subfield code="9">LOCAL</subfield></datafield></record>