<record><leader>02281nam#a2200625#cc4500</leader><controlfield tag="001">990023887610203339</controlfield><controlfield tag="003">AT-OBV</controlfield><controlfield tag="005">20180201052700.0</controlfield><controlfield tag="007">tu</controlfield><controlfield tag="008">051015|1980####hu############|||#|#hun#u</controlfield><controlfield tag="009">AC04729671</controlfield><datafield ind1=" " ind2=" " tag="035"><subfield code="a">AC04729671</subfield></datafield><datafield ind1=" " ind2=" " tag="035"><subfield code="a">(AT-OBV)AC04729671</subfield></datafield><datafield ind1=" " ind2=" " tag="035"><subfield code="a">(Aleph)004713807ACC01</subfield></datafield><datafield ind1=" " ind2=" " tag="035"><subfield code="a">(DE-599)OBVAC04729671</subfield></datafield><datafield ind1=" " ind2=" " tag="035"><subfield code="a">(DE-604)05317965x</subfield></datafield><datafield ind1=" " ind2=" " tag="035"><subfield code="a">(EXLNZ-43ACC_NETWORK)990047138070203331</subfield></datafield><datafield ind1=" " ind2=" " tag="040"><subfield code="a">UBW</subfield><subfield code="b">ger</subfield><subfield code="c">BAY</subfield><subfield code="d">UBG</subfield><subfield code="e">rakddb</subfield></datafield><datafield ind1=" " ind2=" " tag="041"><subfield code="a">hun</subfield></datafield><datafield ind1=" " ind2=" " tag="044"><subfield code="c">XA-HU</subfield></datafield><datafield ind1=" " ind2=" " tag="084"><subfield code="a">AN 12388</subfield><subfield code="2">rvk</subfield></datafield><datafield ind1=" " ind2=" " tag="084"><subfield code="a">AB 24700</subfield><subfield code="2">rvk</subfield></datafield><datafield ind1=" " ind2=" " tag="084"><subfield code="a">AN 84700</subfield><subfield code="2">rvk</subfield></datafield><datafield ind1="1" ind2=" " tag="100"><subfield code="a">Rácz, Béláne</subfield><subfield code="4">aut</subfield></datafield><datafield ind1="0" ind2="0" tag="245"><subfield code="a">Régi könyveink és kézirataink katalógusai</subfield><subfield code="p">&lt;&lt;A&gt;&gt; József Attila Tudományegyetem Központi Könyvtárának Egyetemi Gyüjteményében található doktori disszertációk jegyzéke : 1945-1975 / összeál.: Rácz, Béláné ; Szabó Éva ; Szegfü Laszló</subfield><subfield code="c">Univ. Szegediensis de Attila József Nominatae</subfield></datafield><datafield ind1="1" ind2="1" tag="246"><subfield code="a">Doctoral dissertations in the library of the Attila József University submitted to the University of Szeged</subfield></datafield><datafield ind1=" " ind2="1" tag="264"><subfield code="a">Szeged</subfield><subfield code="c">1980</subfield></datafield><datafield ind1=" " ind2=" " tag="300"><subfield code="a">136 S.</subfield></datafield><datafield ind1="1" ind2=" " tag="490"><subfield code="a">Acta bibliothecaria</subfield><subfield code="v">9,2</subfield></datafield><datafield ind1="0" ind2=" " tag="490"><subfield code="a">Acta Universitatis Szegediensis de Attila József nominatae</subfield></datafield><datafield ind1="0" ind2="0" tag="689"><subfield code="a">Attila-József-Universität</subfield><subfield code="D">b</subfield><subfield code="0">(DE-588)4272044-8</subfield></datafield><datafield ind1="0" ind2="1" tag="689"><subfield code="a">Dissertation</subfield><subfield code="D">s</subfield><subfield code="0">(DE-588)4012494-0</subfield></datafield><datafield ind1="0" ind2="2" tag="689"><subfield code="a">Geschichte 1945-1975</subfield><subfield code="A">z</subfield></datafield><datafield ind1="0" ind2="3" tag="689"><subfield code="a">Bibliografie</subfield><subfield code="D">s</subfield><subfield code="0">(DE-588)4006432-3</subfield></datafield><datafield ind1="0" ind2=" " tag="689"><subfield code="5">AT-OBV</subfield><subfield code="5">UBGSOS</subfield></datafield><datafield ind1="1" ind2="0" tag="689"><subfield code="a">Dissertation</subfield><subfield code="D">s</subfield><subfield code="0">(DE-588)4012494-0</subfield></datafield><datafield ind1="1" ind2="1" tag="689"><subfield code="a">Verzeichnis</subfield><subfield code="A">f</subfield></datafield><datafield ind1="1" ind2="2" tag="689"><subfield code="a">Szeged</subfield><subfield code="D">g</subfield><subfield code="0">(DE-588)4106475-6</subfield></datafield><datafield ind1="1" ind2="3" tag="689"><subfield code="a">Universität</subfield><subfield code="D">s</subfield><subfield code="0">(DE-588)4061778-6</subfield></datafield><datafield ind1="1" ind2="4" tag="689"><subfield code="a">Geschichte 1945-1975</subfield><subfield code="A">z</subfield></datafield><datafield ind1="1" ind2=" " tag="689"><subfield code="5">AT-OBV</subfield><subfield code="5">ONB-PI</subfield></datafield><datafield ind1="1" ind2=" " tag="700"><subfield code="a">Szabó, Eva</subfield><subfield code="4">aut</subfield></datafield><datafield ind1="1" ind2=" " tag="700"><subfield code="a">Szegfű, László</subfield><subfield code="4">aut</subfield></datafield><datafield ind1="0" ind2="8" tag="773"><subfield code="w">(AT-OBV)AC01286130</subfield></datafield><datafield ind1="1" ind2="8" tag="773"><subfield code="w">990023887560203339</subfield><subfield code="9">LOCAL</subfield></datafield><datafield ind1=" " ind2="0" tag="830"><subfield code="w">(AT-OBV)AC00097332</subfield><subfield code="v">9,2</subfield><subfield code="9">O:1</subfield></datafield><datafield ind1="4" ind2=" " tag="856"><subfield code="u">http://www.ub.univie.ac.at/katscans/NKN012/0068/00000190.gif</subfield><subfield code="z">Katalogkarte</subfield><subfield code="o">Katalogkarte</subfield></datafield><datafield ind1="0" ind2=" " tag="970"><subfield code="a">UBW-Retro-K</subfield></datafield><datafield ind1="1" ind2=" " tag="970"><subfield code="c">03</subfield></datafield><datafield ind1="4" ind2=" " tag="970"><subfield code="b">BVBKAT</subfield></datafield><datafield ind1="0" ind2="s" tag="974"><subfield code="F">030</subfield><subfield code="A">a|1dazzz|||||</subfield></datafield><datafield ind1="0" ind2="s" tag="974"><subfield code="F">050</subfield><subfield code="A">a|a|||||||||||</subfield></datafield><datafield ind1="0" ind2="s" tag="974"><subfield code="F">051</subfield><subfield code="A">s|||||||</subfield></datafield><datafield ind1="2" ind2=" " tag="980"><subfield code="a">ITM</subfield><subfield code="b">2446971</subfield><subfield code="l">UBG50</subfield><subfield code="9">LOCAL</subfield></datafield><datafield ind1=" " ind2=" " tag="983"><subfield code="a">Ab</subfield><subfield code="9">LOCAL</subfield></datafield></record>