<record><leader>01029nam#a2200361#c#4500</leader><controlfield tag="001">990023983790203339</controlfield><controlfield tag="003">AT-OBV</controlfield><controlfield tag="005">20171114185600.0</controlfield><controlfield tag="007">tu</controlfield><controlfield tag="008">080806|1899####xx#######m####|||#|#ger#u</controlfield><controlfield tag="009">AC06956359</controlfield><datafield ind1=" " ind2=" " tag="035"><subfield code="a">AC06956359</subfield></datafield><datafield ind1=" " ind2=" " tag="035"><subfield code="a">(AT-OBV)AC06956359</subfield></datafield><datafield ind1=" " ind2=" " tag="035"><subfield code="a">(Aleph)006830966ACC01</subfield></datafield><datafield ind1=" " ind2=" " tag="035"><subfield code="a">(DE-599)OBVAC06956359</subfield></datafield><datafield ind1=" " ind2=" " tag="035"><subfield code="a">(DE-604)163009384</subfield></datafield><datafield ind1=" " ind2=" " tag="035"><subfield code="a">(EXLNZ-43ACC_NETWORK)990068309660203331</subfield></datafield><datafield ind1=" " ind2=" " tag="040"><subfield code="a">UBS</subfield><subfield code="b">ger</subfield><subfield code="c">BAY</subfield><subfield code="d">UBS</subfield></datafield><datafield ind1=" " ind2=" " tag="041"><subfield code="a">ger</subfield></datafield><datafield ind1=" " ind2=" " tag="084"><subfield code="a">GF 3797</subfield><subfield code="2">rvk</subfield></datafield><datafield ind1="1" ind2=" " tag="100"><subfield code="a">Severin, Carl</subfield><subfield code="4">aut</subfield></datafield><datafield ind1="0" ind2="0" tag="245"><subfield code="a">Heinrich der Vogler und seine Vorbilder</subfield><subfield code="c">vorgelegt von Carl Severin</subfield></datafield><datafield ind1=" " ind2="1" tag="264"><subfield code="a">Halle a. S.</subfield><subfield code="b">Kaemmerer</subfield><subfield code="c">1899</subfield></datafield><datafield ind1=" " ind2=" " tag="300"><subfield code="a">114 S.</subfield></datafield><datafield ind1=" " ind2=" " tag="502"><subfield code="a">Halle - Wittenberg, Univ., Diss., 1899</subfield></datafield><datafield ind1="1" ind2="8" tag="773"><subfield code="w">990023983700203339</subfield><subfield code="g">no:LKR</subfield><subfield code="9">LOCAL</subfield></datafield><datafield ind1="0" ind2="1" tag="900"><subfield code="a">Severin, Karl</subfield></datafield><datafield ind1="0" ind2=" " tag="970"><subfield code="a">UBS-Retro-</subfield></datafield><datafield ind1="4" ind2=" " tag="970"><subfield code="b">BVBKAT</subfield></datafield><datafield ind1="0" ind2="s" tag="974"><subfield code="F">030</subfield><subfield code="A">ez1d|||z|||17</subfield></datafield><datafield ind1="0" ind2="s" tag="974"><subfield code="F">050</subfield><subfield code="A">a|a|||||||||||</subfield></datafield><datafield ind1="0" ind2="s" tag="974"><subfield code="F">051</subfield><subfield code="A">mu||||||</subfield></datafield><datafield ind1="2" ind2=" " tag="980"><subfield code="a">ITM</subfield><subfield code="b">2458117</subfield><subfield code="l">UBG50</subfield><subfield code="v">LKR</subfield><subfield code="9">LOCAL</subfield></datafield></record>