<record><leader>00980nam#a2200289#c#4500</leader><controlfield tag="001">990024026490203339</controlfield><controlfield tag="003">AT-OBV</controlfield><controlfield tag="005">20171114203700.0</controlfield><controlfield tag="007">tu</controlfield><controlfield tag="008">090706|1897####xx############|||#|#####u</controlfield><controlfield tag="009">AC07683373</controlfield><datafield ind1=" " ind2=" " tag="035"><subfield code="a">AC07683373</subfield></datafield><datafield ind1=" " ind2=" " tag="035"><subfield code="a">(AT-OBV)AC07683373</subfield></datafield><datafield ind1=" " ind2=" " tag="035"><subfield code="a">(Aleph)007491249ACC01</subfield></datafield><datafield ind1=" " ind2=" " tag="035"><subfield code="a">(DE-599)OBVAC07683373</subfield></datafield><datafield ind1=" " ind2=" " tag="035"><subfield code="a">(EXLNZ-43ACC_NETWORK)990074912490203331</subfield></datafield><datafield ind1=" " ind2=" " tag="040"><subfield code="a">UBG</subfield><subfield code="b">ger</subfield><subfield code="d">UBG</subfield><subfield code="e">rakwb</subfield></datafield><datafield ind1="1" ind2=" " tag="100"><subfield code="a">Schubert-Soldern, Richard &lt;&lt;von&gt;&gt;</subfield><subfield code="d">1852-1924</subfield><subfield code="0">(DE-588)118900102</subfield><subfield code="4">aut</subfield></datafield><datafield ind1="0" ind2="0" tag="245"><subfield code="a">&lt;&lt;Die&gt;&gt; analytische Methode und die Selbständigkeit der Philosophie</subfield><subfield code="c">von R. v. Schubert-Soldern</subfield></datafield><datafield ind1=" " ind2="1" tag="264"><subfield code="a">Leipzig</subfield><subfield code="b">Reisland</subfield><subfield code="c">[ca. 1897]</subfield></datafield><datafield ind1=" " ind2=" " tag="300"><subfield code="a">S. 148 - 156</subfield></datafield><datafield ind1=" " ind2=" " tag="500"><subfield code="a">Aus: Vierteljahrsschrift für wissenschaftliche Philosophie ; 21,2.[ca. 1897]</subfield></datafield><datafield ind1="1" ind2="8" tag="773"><subfield code="w">990023827290203339</subfield><subfield code="9">LOCAL</subfield></datafield><datafield ind1="0" ind2="s" tag="974"><subfield code="F">030</subfield><subfield code="A">a|1ucr|||||17</subfield></datafield><datafield ind1="0" ind2="s" tag="974"><subfield code="F">050</subfield><subfield code="A">a|a|||||||||||</subfield></datafield><datafield ind1="0" ind2="s" tag="974"><subfield code="F">051</subfield><subfield code="A">m|||||||</subfield></datafield><datafield ind1="2" ind2=" " tag="980"><subfield code="a">ITM</subfield><subfield code="b">2439954</subfield><subfield code="l">UBG50</subfield><subfield code="9">LOCAL</subfield></datafield></record>