<record><leader>01001nam#a2200337zc#4500</leader><controlfield tag="001">990024123520203339</controlfield><controlfield tag="003">AT-OBV</controlfield><controlfield tag="005">20171114102500.0</controlfield><controlfield tag="007">tu</controlfield><controlfield tag="008">030430|1911####xx#######m####|||#|#ger#u</controlfield><controlfield tag="009">AC03707332</controlfield><datafield ind1=" " ind2=" " tag="035"><subfield code="a">AC03707332</subfield></datafield><datafield ind1=" " ind2=" " tag="035"><subfield code="a">(AT-OBV)AC03707332</subfield></datafield><datafield ind1=" " ind2=" " tag="035"><subfield code="a">(Aleph)003696841ACC01</subfield></datafield><datafield ind1=" " ind2=" " tag="035"><subfield code="a">(EXLNZ-43ACC_NETWORK)990036968410203331</subfield></datafield><datafield ind1=" " ind2=" " tag="040"><subfield code="a">UBW</subfield><subfield code="b">ger</subfield><subfield code="e">rakwb</subfield></datafield><datafield ind1=" " ind2=" " tag="041"><subfield code="a">ger</subfield></datafield><datafield ind1=" " ind2=" " tag="044"><subfield code="c">XA-DXDE</subfield></datafield><datafield ind1="1" ind2=" " tag="100"><subfield code="a">Rabeler, Theodor</subfield><subfield code="4">aut</subfield></datafield><datafield ind1="0" ind2="0" tag="245"><subfield code="a">Niederdeutscher Lautstand im Kreise Bleckede</subfield><subfield code="c">vorgelegt von Theodor Rabeler</subfield></datafield><datafield ind1=" " ind2="1" tag="264"><subfield code="a">Stuttgart</subfield><subfield code="b">Kohlhammer</subfield><subfield code="c">1911</subfield></datafield><datafield ind1=" " ind2=" " tag="300"><subfield code="a">62 S.</subfield></datafield><datafield ind1=" " ind2=" " tag="502"><subfield code="a">Kiel, Königl. Christian-Albrechts-Univ., Diss.</subfield></datafield><datafield ind1=" " ind2=" " tag="546"><subfield code="a">Teilausg.</subfield></datafield><datafield ind1="0" ind2="8" tag="775"><subfield code="i">Vollst. in</subfield><subfield code="t">Zeitschrift für deutsche Philologie ; 43</subfield></datafield><datafield ind1="1" ind2="8" tag="773"><subfield code="w">990024123260203339</subfield><subfield code="g">no:LKR</subfield><subfield code="9">LOCAL</subfield></datafield><datafield ind1="1" ind2=" " tag="970"><subfield code="c">17</subfield></datafield><datafield ind1="0" ind2="s" tag="974"><subfield code="F">030</subfield><subfield code="A">z|1dcr|||||17</subfield></datafield><datafield ind1="0" ind2="s" tag="974"><subfield code="F">050</subfield><subfield code="A">a|a|||||||||||</subfield></datafield><datafield ind1="0" ind2="s" tag="974"><subfield code="F">051</subfield><subfield code="A">mu|||||</subfield></datafield><datafield ind1="2" ind2=" " tag="980"><subfield code="a">ITM</subfield><subfield code="b">2475223</subfield><subfield code="l">UBG50</subfield><subfield code="v">LKR</subfield><subfield code="9">LOCAL</subfield></datafield></record>