<record><leader>00915nam#a2200325zc#4500</leader><controlfield tag="001">990024276330203339</controlfield><controlfield tag="003">AT-OBV</controlfield><controlfield tag="005">20171114112800.0</controlfield><controlfield tag="007">tu</controlfield><controlfield tag="008">040630|1874####xx#######m####|||#|#ger#u</controlfield><controlfield tag="009">AC04149175</controlfield><datafield ind1=" " ind2=" " tag="035"><subfield code="a">AC04149175</subfield></datafield><datafield ind1=" " ind2=" " tag="035"><subfield code="a">(AT-OBV)AC04149175</subfield></datafield><datafield ind1=" " ind2=" " tag="035"><subfield code="a">(Aleph)004137401ACC01</subfield></datafield><datafield ind1=" " ind2=" " tag="035"><subfield code="a">(DE-599)OBVAC04149175</subfield></datafield><datafield ind1=" " ind2=" " tag="035"><subfield code="a">(EXLNZ-43ACC_NETWORK)990041374010203331</subfield></datafield><datafield ind1=" " ind2=" " tag="040"><subfield code="a">UBW</subfield><subfield code="b">ger</subfield><subfield code="d">UBG</subfield><subfield code="e">rakwb</subfield></datafield><datafield ind1=" " ind2=" " tag="041"><subfield code="a">ger</subfield></datafield><datafield ind1=" " ind2=" " tag="044"><subfield code="c">XA-DXDE</subfield></datafield><datafield ind1="1" ind2=" " tag="100"><subfield code="a">Förster, Paulus Traugott</subfield><subfield code="4">aut</subfield></datafield><datafield ind1="0" ind2="0" tag="245"><subfield code="a">Zur Sprache und Poesie Wolframs von Eschenbach</subfield><subfield code="c">von Paulus Traugott Förster</subfield></datafield><datafield ind1=" " ind2="1" tag="264"><subfield code="c">1874</subfield></datafield><datafield ind1=" " ind2=" " tag="300"><subfield code="a">76 S.</subfield></datafield><datafield ind1=" " ind2=" " tag="502"><subfield code="a">Leipzig, Univ., Diss., 1874</subfield></datafield><datafield ind1="1" ind2="8" tag="773"><subfield code="w">990024276110203339</subfield><subfield code="g">no:LKR</subfield><subfield code="9">LOCAL</subfield></datafield><datafield ind1="1" ind2=" " tag="970"><subfield code="c">17</subfield></datafield><datafield ind1="0" ind2="s" tag="974"><subfield code="F">030</subfield><subfield code="A">z|1dcr|||||17</subfield></datafield><datafield ind1="0" ind2="s" tag="974"><subfield code="F">050</subfield><subfield code="A">a|a|||||||||||</subfield></datafield><datafield ind1="0" ind2="s" tag="974"><subfield code="F">051</subfield><subfield code="A">mu|||||</subfield></datafield><datafield ind1="2" ind2=" " tag="980"><subfield code="a">ITM</subfield><subfield code="b">2492977</subfield><subfield code="l">UBG50</subfield><subfield code="v">LKR</subfield><subfield code="9">LOCAL</subfield></datafield></record>