<record><leader>01054nam#a2200349#c#4500</leader><controlfield tag="001">990024283890203339</controlfield><controlfield tag="003">AT-OBV</controlfield><controlfield tag="005">20171114235300.0</controlfield><controlfield tag="007">tu</controlfield><controlfield tag="008">100517|1917####xx#######m####|||#|#ger#u</controlfield><controlfield tag="009">AC08102236</controlfield><datafield ind1="7" ind2=" " tag="016"><subfield code="a">571109241</subfield><subfield code="2">DE-101b</subfield></datafield><datafield ind1=" " ind2=" " tag="035"><subfield code="a">AC08102236</subfield></datafield><datafield ind1=" " ind2=" " tag="035"><subfield code="a">(AT-OBV)AC08102236</subfield></datafield><datafield ind1=" " ind2=" " tag="035"><subfield code="a">(Aleph)008007596ACC01</subfield></datafield><datafield ind1=" " ind2=" " tag="035"><subfield code="a">(DE-599)DNB571109241</subfield></datafield><datafield ind1=" " ind2=" " tag="035"><subfield code="a">(EXLNZ-43ACC_NETWORK)990080075960203331</subfield></datafield><datafield ind1=" " ind2=" " tag="040"><subfield code="a">UBG</subfield><subfield code="b">ger</subfield><subfield code="c">DNB</subfield><subfield code="e">rakwb</subfield></datafield><datafield ind1=" " ind2=" " tag="041"><subfield code="a">ger</subfield></datafield><datafield ind1=" " ind2=" " tag="044"><subfield code="c">XA-DXDE</subfield></datafield><datafield ind1="1" ind2=" " tag="100"><subfield code="a">Rosenmüller, Ernst</subfield><subfield code="0">(DE-588)125645732</subfield><subfield code="4">aut</subfield></datafield><datafield ind1="0" ind2="0" tag="245"><subfield code="a">&lt;&lt;Das&gt;&gt; Volkslied: Es waren zwei Königskinder</subfield><subfield code="b">ein Beitrag zur Geschichte des Volksliedes überhaupt</subfield><subfield code="c">vorgelegt von Ernst Rosenmüller</subfield></datafield><datafield ind1=" " ind2="1" tag="264"><subfield code="a">Dresden</subfield><subfield code="c">1917</subfield></datafield><datafield ind1=" " ind2=" " tag="300"><subfield code="a">113 S.</subfield></datafield><datafield ind1=" " ind2=" " tag="502"><subfield code="a">Leipzig, Univ., Diss., 1917</subfield></datafield><datafield ind1="1" ind2="8" tag="773"><subfield code="w">990024283620203339</subfield><subfield code="g">no:LKR</subfield><subfield code="9">LOCAL</subfield></datafield><datafield ind1="1" ind2=" " tag="970"><subfield code="c">17</subfield></datafield><datafield ind1="4" ind2=" " tag="970"><subfield code="b">ILTIS</subfield></datafield><datafield ind1="0" ind2="s" tag="974"><subfield code="F">030</subfield><subfield code="A">a|1ucr|||||17</subfield></datafield><datafield ind1="0" ind2="s" tag="974"><subfield code="F">050</subfield><subfield code="A">a|a|||||||||||</subfield></datafield><datafield ind1="0" ind2="s" tag="974"><subfield code="F">051</subfield><subfield code="A">mu||||||</subfield></datafield><datafield ind1="2" ind2=" " tag="980"><subfield code="a">ITM</subfield><subfield code="b">2493879</subfield><subfield code="l">UBG50</subfield><subfield code="v">LKR</subfield><subfield code="9">LOCAL</subfield></datafield></record>