<record><leader>00984nam#a22003492c#4500</leader><controlfield tag="001">990024305660203339</controlfield><controlfield tag="003">AT-OBV</controlfield><controlfield tag="005">20171114203000.0</controlfield><controlfield tag="007">tu</controlfield><controlfield tag="008">090519|1891####xx#######m####|||#|#ger#u</controlfield><controlfield tag="009">AC07624981</controlfield><datafield ind1=" " ind2=" " tag="035"><subfield code="a">AC07624981</subfield></datafield><datafield ind1=" " ind2=" " tag="035"><subfield code="a">(AT-OBV)AC07624981</subfield></datafield><datafield ind1=" " ind2=" " tag="035"><subfield code="a">(Aleph)007418773ACC01</subfield></datafield><datafield ind1=" " ind2=" " tag="035"><subfield code="a">(DE-599)OBVAC07624981</subfield></datafield><datafield ind1=" " ind2=" " tag="035"><subfield code="a">(EXLNZ-43ACC_NETWORK)990074187730203331</subfield></datafield><datafield ind1=" " ind2=" " tag="040"><subfield code="a">UBW</subfield><subfield code="b">ger</subfield><subfield code="e">rakwb</subfield></datafield><datafield ind1=" " ind2=" " tag="041"><subfield code="a">ger</subfield></datafield><datafield ind1=" " ind2=" " tag="044"><subfield code="c">XA-DXDE</subfield></datafield><datafield ind1="1" ind2=" " tag="100"><subfield code="a">Reis, Hans</subfield><subfield code="d">1867-1933</subfield><subfield code="0">(DE-588)130327859</subfield><subfield code="4">aut</subfield></datafield><datafield ind1="0" ind2="0" tag="245"><subfield code="a">Beiträge zur Syntax der Mainzer Mundart</subfield><subfield code="c">eingereicht von Hans Reis</subfield></datafield><datafield ind1=" " ind2="1" tag="264"><subfield code="a">Mainz</subfield><subfield code="c">1891</subfield></datafield><datafield ind1=" " ind2=" " tag="300"><subfield code="a">46 S.</subfield></datafield><datafield ind1=" " ind2=" " tag="502"><subfield code="a">Giessen, Univ., Diss., 1891</subfield></datafield><datafield ind1=" " ind2=" " tag="751"><subfield code="a">Gießen</subfield><subfield code="0">1028168-X</subfield><subfield code="4">uvp</subfield></datafield><datafield ind1="1" ind2="8" tag="773"><subfield code="w">990024305540203339</subfield><subfield code="g">no:LKR</subfield><subfield code="9">LOCAL</subfield></datafield><datafield ind1="1" ind2=" " tag="970"><subfield code="c">17</subfield></datafield><datafield ind1="4" ind2=" " tag="970"><subfield code="b">HBZ</subfield></datafield><datafield ind1="0" ind2="s" tag="974"><subfield code="F">030</subfield><subfield code="A">h|1uc||||||17</subfield></datafield><datafield ind1="0" ind2="s" tag="974"><subfield code="F">050</subfield><subfield code="A">a|a|||||||||||</subfield></datafield><datafield ind1="0" ind2="s" tag="974"><subfield code="F">051</subfield><subfield code="A">mu||||||</subfield></datafield><datafield ind1="2" ind2=" " tag="980"><subfield code="a">ITM</subfield><subfield code="b">2496267</subfield><subfield code="l">UBG50</subfield><subfield code="v">LKR</subfield><subfield code="9">LOCAL</subfield></datafield></record>