<record><leader>00944nam#a2200325zcc4500</leader><controlfield tag="001">990024541450203339</controlfield><controlfield tag="003">AT-OBV</controlfield><controlfield tag="005">20171114085700.0</controlfield><controlfield tag="007">tu</controlfield><controlfield tag="008">981204|1999####au############|||#|#ger#u</controlfield><controlfield tag="009">AC03126293</controlfield><datafield ind1=" " ind2=" " tag="015"><subfield code="a">OeB2001,A,06 07</subfield><subfield code="2">oeb</subfield></datafield><datafield ind1=" " ind2=" " tag="035"><subfield code="a">AC03126293</subfield></datafield><datafield ind1=" " ind2=" " tag="035"><subfield code="a">(AT-OBV)AC03126293</subfield></datafield><datafield ind1=" " ind2=" " tag="035"><subfield code="a">(Aleph)003121858ACC01</subfield></datafield><datafield ind1=" " ind2=" " tag="035"><subfield code="a">(EXLNZ-43ACC_NETWORK)990031218580203331</subfield></datafield><datafield ind1=" " ind2=" " tag="040"><subfield code="a">UBG</subfield><subfield code="b">ger</subfield><subfield code="d">ONB</subfield><subfield code="e">rakwb</subfield></datafield><datafield ind1=" " ind2=" " tag="041"><subfield code="a">ger</subfield><subfield code="a">eng</subfield></datafield><datafield ind1=" " ind2=" " tag="044"><subfield code="c">XA-AT</subfield></datafield><datafield ind1="0" ind2="0" tag="245"><subfield code="a">Transscientific semiotics</subfield><subfield code="n">3/5 (1999)</subfield></datafield><datafield ind1=" " ind2="1" tag="264"><subfield code="a">Wien [u.a.]</subfield><subfield code="b">Inst. for Socio-Semiotic Studies</subfield><subfield code="c">1999</subfield></datafield><datafield ind1=" " ind2=" " tag="300"><subfield code="a">507 S.</subfield><subfield code="b">graph. Darst.</subfield></datafield><datafield ind1="1" ind2=" " tag="490"><subfield code="a">S</subfield><subfield code="v">11,1/3</subfield></datafield><datafield ind1=" " ind2=" " tag="546"><subfield code="a">Beitr. teilw. dt., teilw. engl.</subfield></datafield><datafield ind1="0" ind2="8" tag="773"><subfield code="w">(AT-OBV)AC02485487</subfield></datafield><datafield ind1="1" ind2="8" tag="773"><subfield code="w">(AT-OBV)AC01080985</subfield><subfield code="g">no:11,1/3</subfield><subfield code="9">LOCAL</subfield></datafield><datafield ind1=" " ind2="0" tag="830"><subfield code="w">(AT-OBV)AC01080985</subfield><subfield code="v">11,1/3</subfield><subfield code="9">O:1</subfield></datafield><datafield ind1="0" ind2="s" tag="974"><subfield code="F">030</subfield><subfield code="A">z|1dcr|||||||</subfield></datafield><datafield ind1="0" ind2="s" tag="974"><subfield code="F">050</subfield><subfield code="A">a|a|||||||||||</subfield></datafield><datafield ind1="2" ind2=" " tag="980"><subfield code="a">11,1/3</subfield><subfield code="9">LOCAL</subfield></datafield></record>