<record><leader>01795nam#a2200565#cb4500</leader><controlfield tag="001">990021659520203339</controlfield><controlfield tag="003">AT-OBV</controlfield><controlfield tag="005">20180215214200.0</controlfield><controlfield tag="007">tu</controlfield><controlfield tag="008">050623|1933####xx############|||#|#ger#u</controlfield><controlfield tag="009">AC04549464</controlfield><datafield ind1=" " ind2=" " tag="035"><subfield code="a">AC04549464</subfield></datafield><datafield ind1=" " ind2=" " tag="035"><subfield code="a">(AT-OBV)AC04549464</subfield></datafield><datafield ind1=" " ind2=" " tag="035"><subfield code="a">(Aleph)004534917ACC01</subfield></datafield><datafield ind1=" " ind2=" " tag="035"><subfield code="a">(DE-599)OBVAC04549464</subfield></datafield><datafield ind1=" " ind2=" " tag="035"><subfield code="a">(EXLNZ-43ACC_NETWORK)990045349170203331</subfield></datafield><datafield ind1=" " ind2=" " tag="040"><subfield code="a">UBI</subfield><subfield code="b">ger</subfield><subfield code="c">BVB</subfield><subfield code="d">UBI</subfield><subfield code="e">rakddb</subfield></datafield><datafield ind1=" " ind2=" " tag="041"><subfield code="a">ger</subfield></datafield><datafield ind1=" " ind2=" " tag="044"><subfield code="c">XA-DXDE</subfield></datafield><datafield ind1=" " ind2=" " tag="084"><subfield code="a">NR 1850</subfield><subfield code="2">rvk</subfield></datafield><datafield ind1=" " ind2=" " tag="084"><subfield code="a">PW 2230</subfield><subfield code="2">rvk</subfield></datafield><datafield ind1="1" ind2=" " tag="100"><subfield code="a">Lentze, Hans</subfield><subfield code="d">1909-1970</subfield><subfield code="0">(DE-588)118727451</subfield><subfield code="4">aut</subfield></datafield><datafield ind1="0" ind2="0" tag="245"><subfield code="a">&lt;&lt;Der&gt;&gt; Kaiser und die Zunftverfassung in den Reichsstädten bis zum Tode Karls IV.</subfield><subfield code="b">Studien zur städtischen Verfassungsentwicklung im späteren Mittelalter</subfield><subfield code="c">Hans Lentze</subfield></datafield><datafield ind1=" " ind2="1" tag="264"><subfield code="a">Breslaus</subfield><subfield code="b">Marcus</subfield><subfield code="c">1933</subfield></datafield><datafield ind1=" " ind2=" " tag="300"><subfield code="a">278 S.</subfield></datafield><datafield ind1="1" ind2=" " tag="490"><subfield code="a">Untersuchungen zur deutschen Staats- und Rechtsgeschichte</subfield><subfield code="v">145</subfield></datafield><datafield ind1=" " ind2=" " tag="500"><subfield code="a">Literaturverz. S. 267 - 274</subfield></datafield><datafield ind1="0" ind2="0" tag="689"><subfield code="a">Stadtrecht</subfield><subfield code="D">s</subfield><subfield code="0">(DE-588)4125683-9</subfield></datafield><datafield ind1="0" ind2="1" tag="689"><subfield code="a">Geschichte 1212-1378</subfield><subfield code="A">z</subfield></datafield><datafield ind1="0" ind2=" " tag="689"><subfield code="5">AT-OBV</subfield><subfield code="5">BVb</subfield></datafield><datafield ind1="1" ind2="0" tag="689"><subfield code="a">Stadtrecht</subfield><subfield code="D">s</subfield><subfield code="0">(DE-588)4125683-9</subfield></datafield><datafield ind1="1" ind2="1" tag="689"><subfield code="a">Geschichte 500-1500</subfield><subfield code="A">z</subfield></datafield><datafield ind1="1" ind2=" " tag="689"><subfield code="5">AT-OBV</subfield><subfield code="5">BVb</subfield></datafield><datafield ind1="2" ind2="0" tag="689"><subfield code="a">Stadtverfassung</subfield><subfield code="D">s</subfield><subfield code="0">(DE-588)4182731-4</subfield></datafield><datafield ind1="2" ind2="1" tag="689"><subfield code="a">Geschichte</subfield><subfield code="A">z</subfield></datafield><datafield ind1="2" ind2=" " tag="689"><subfield code="5">AT-OBV</subfield><subfield code="5">BVB</subfield></datafield><datafield ind1="3" ind2="0" tag="689"><subfield code="a">Stadt</subfield><subfield code="D">s</subfield><subfield code="0">(DE-588)4056723-0</subfield></datafield><datafield ind1="3" ind2="1" tag="689"><subfield code="a">Verfassung</subfield><subfield code="D">s</subfield><subfield code="0">(DE-588)4062787-1</subfield></datafield><datafield ind1="3" ind2="2" tag="689"><subfield code="a">Mittelalter</subfield><subfield code="D">s</subfield><subfield code="0">(DE-588)4129108-6</subfield></datafield><datafield ind1="3" ind2=" " tag="689"><subfield code="5">AT-OBV</subfield><subfield code="5">ONB-PI</subfield></datafield><datafield ind1="1" ind2="8" tag="773"><subfield code="w">990021659540203339</subfield><subfield code="9">LOCAL</subfield></datafield><datafield ind1=" " ind2="0" tag="830"><subfield code="w">(AT-OBV)AC00295843</subfield><subfield code="v">145</subfield><subfield code="9">O:1</subfield></datafield><datafield ind1="1" ind2=" " tag="970"><subfield code="c">54</subfield></datafield><datafield ind1="4" ind2=" " tag="970"><subfield code="b">BVB</subfield></datafield><datafield ind1="0" ind2="s" tag="974"><subfield code="F">030</subfield><subfield code="A">a|zzazzz|||17</subfield></datafield><datafield ind1="0" ind2="s" tag="974"><subfield code="F">050</subfield><subfield code="A">a|a</subfield></datafield><datafield ind1="0" ind2="s" tag="974"><subfield code="F">051</subfield><subfield code="A">s</subfield></datafield><datafield ind1="2" ind2=" " tag="980"><subfield code="a">ITM</subfield><subfield code="b">2209282</subfield><subfield code="l">UBG50</subfield><subfield code="9">LOCAL</subfield></datafield><datafield ind1=" " ind2=" " tag="983"><subfield code="a">D</subfield><subfield code="9">LOCAL</subfield></datafield><datafield ind1="0" ind2=" " tag="993"><subfield code="a">DBHB</subfield><subfield code="9">LOCAL</subfield></datafield></record>