<record><leader>01230nam#a2200361zcc4500</leader><controlfield tag="001">990021769750203339</controlfield><controlfield tag="003">AT-OBV</controlfield><controlfield tag="005">20180224071200.0</controlfield><controlfield tag="007">tu</controlfield><controlfield tag="008">920214|1964####fr############|||#|#fre#u</controlfield><controlfield tag="009">AC00394054</controlfield><datafield ind1=" " ind2=" " tag="035"><subfield code="a">AC00394054</subfield></datafield><datafield ind1=" " ind2=" " tag="035"><subfield code="a">(AT-OBV)AC00394054</subfield></datafield><datafield ind1=" " ind2=" " tag="035"><subfield code="a">(Aleph)000311869ACC01</subfield></datafield><datafield ind1=" " ind2=" " tag="035"><subfield code="a">(EXLNZ-43ACC_NETWORK)990003118690203331</subfield></datafield><datafield ind1=" " ind2=" " tag="040"><subfield code="a">UBS</subfield><subfield code="b">ger</subfield><subfield code="d">UBW</subfield><subfield code="e">rakwb</subfield></datafield><datafield ind1=" " ind2=" " tag="041"><subfield code="a">fre</subfield></datafield><datafield ind1=" " ind2=" " tag="044"><subfield code="c">XA-FR</subfield></datafield><datafield ind1="1" ind2=" " tag="100"><subfield code="a">Bourbaki, Nicolas</subfield><subfield code="d">ca. 20. Jh.-</subfield><subfield code="0">(DE-588)140993142</subfield><subfield code="4">aut</subfield><subfield code="9">O:H</subfield></datafield><datafield ind1="0" ind2="0" tag="245"><subfield code="a">Éléments de mathématique</subfield><subfield code="b">première partie: structures fondamentales de l'analyse</subfield><subfield code="n">[Livre 7,] Algèbre commutative, Fasc. 30</subfield><subfield code="p">Chapitre 5, Entiers - chapitre 6, Valuations</subfield><subfield code="c">par N. Bourbaki</subfield></datafield><datafield ind1=" " ind2="1" tag="264"><subfield code="a">Paris</subfield><subfield code="b">Hermann</subfield><subfield code="c">1964</subfield></datafield><datafield ind1=" " ind2=" " tag="300"><subfield code="a">207 S.</subfield></datafield><datafield ind1="1" ind2=" " tag="490"><subfield code="a">Actualités scientifiques et industrielles</subfield><subfield code="v">1308</subfield></datafield><datafield ind1="0" ind2="0" tag="689"><subfield code="a">Ganze Zahl</subfield><subfield code="D">s</subfield><subfield code="0">(DE-588)4134668-3</subfield></datafield><datafield ind1="0" ind2=" " tag="689"><subfield code="5">AT-OBV</subfield><subfield code="5">UBLAND</subfield></datafield><datafield ind1="0" ind2="8" tag="773"><subfield code="w">(AT-OBV)AC01021657</subfield><subfield code="q">7,30,1964</subfield></datafield><datafield ind1="1" ind2="8" tag="773"><subfield code="w">990021773620203339</subfield><subfield code="g">no:LKR</subfield><subfield code="9">LOCAL</subfield></datafield><datafield ind1=" " ind2="0" tag="830"><subfield code="w">(AT-OBV)AC00107392</subfield><subfield code="v">1308</subfield><subfield code="9">O:1</subfield></datafield><datafield ind1="1" ind2=" " tag="970"><subfield code="c">23</subfield></datafield><datafield ind1="0" ind2="s" tag="974"><subfield code="F">030</subfield><subfield code="A">z|1dcr|||||||</subfield></datafield><datafield ind1="0" ind2="s" tag="974"><subfield code="F">050</subfield><subfield code="A">a|a|||||||||||</subfield></datafield><datafield ind1="0" ind2="s" tag="974"><subfield code="F">051</subfield><subfield code="A">||||||||</subfield></datafield><datafield ind1="2" ind2=" " tag="980"><subfield code="a">ITM</subfield><subfield code="b">2223163</subfield><subfield code="l">UBG50</subfield><subfield code="v">LKR</subfield><subfield code="9">LOCAL</subfield></datafield></record>