<record><leader>01267nam#a2200445#cb4500</leader><controlfield tag="001">990024780420203339</controlfield><controlfield tag="003">AT-OBV</controlfield><controlfield tag="005">20171114175000.0</controlfield><controlfield tag="007">tu</controlfield><controlfield tag="008">071210|1972####fr############|||#|#fre#u</controlfield><controlfield tag="009">AC06482201</controlfield><datafield ind1=" " ind2=" " tag="035"><subfield code="a">AC06482201</subfield></datafield><datafield ind1=" " ind2=" " tag="035"><subfield code="a">(AT-OBV)AC06482201</subfield></datafield><datafield ind1=" " ind2=" " tag="035"><subfield code="a">(Aleph)006344331ACC01</subfield></datafield><datafield ind1=" " ind2=" " tag="035"><subfield code="a">(DE-599)OBVAC06482201</subfield></datafield><datafield ind1=" " ind2=" " tag="035"><subfield code="a">(DE-604)032754612</subfield></datafield><datafield ind1=" " ind2=" " tag="035"><subfield code="a">(EXLNZ-43ACC_NETWORK)990063443310203331</subfield></datafield><datafield ind1=" " ind2=" " tag="040"><subfield code="a">UBK</subfield><subfield code="b">ger</subfield><subfield code="c">BAY</subfield><subfield code="d">UBG</subfield><subfield code="e">rakwb</subfield></datafield><datafield ind1=" " ind2=" " tag="041"><subfield code="a">fre</subfield></datafield><datafield ind1=" " ind2=" " tag="044"><subfield code="c">XA-FR</subfield></datafield><datafield ind1="0" ind2="0" tag="245"><subfield code="a">&lt;&lt;La&gt;&gt; norme</subfield><subfield code="c">René Lagane ...</subfield></datafield><datafield ind1=" " ind2="1" tag="264"><subfield code="a">Paris</subfield><subfield code="b">Larousse</subfield><subfield code="c">1972</subfield></datafield><datafield ind1=" " ind2=" " tag="300"><subfield code="a">132 S.</subfield></datafield><datafield ind1="1" ind2=" " tag="490"><subfield code="a">Langue française</subfield><subfield code="v">1972,16</subfield></datafield><datafield ind1=" " ind2=" " tag="500"><subfield code="a">Literaturverz. S. 27 - 28</subfield></datafield><datafield ind1="0" ind2="0" tag="689"><subfield code="a">Französisch</subfield><subfield code="D">s</subfield><subfield code="0">(DE-588)4113615-9</subfield></datafield><datafield ind1="0" ind2="1" tag="689"><subfield code="a">Standardsprache</subfield><subfield code="D">s</subfield><subfield code="0">(DE-588)4077831-9</subfield></datafield><datafield ind1="0" ind2="2" tag="689"><subfield code="a">Standardisierung</subfield><subfield code="D">s</subfield><subfield code="0">(DE-588)4056914-7</subfield></datafield><datafield ind1="0" ind2="3" tag="689"><subfield code="a">Norm</subfield><subfield code="D">s</subfield><subfield code="0">(DE-588)4419668-4</subfield></datafield><datafield ind1="0" ind2="4" tag="689"><subfield code="a">Aufsatzsammlung</subfield><subfield code="A">f</subfield></datafield><datafield ind1="0" ind2=" " tag="689"><subfield code="5">AT-OBV</subfield><subfield code="5">UBGRUF</subfield></datafield><datafield ind1="1" ind2=" " tag="700"><subfield code="a">Lagane, René</subfield><subfield code="4">ctb</subfield></datafield><datafield ind1="1" ind2="8" tag="773"><subfield code="w">(AT-OBV)AC00958038</subfield><subfield code="g">no:16</subfield><subfield code="9">LOCAL</subfield></datafield><datafield ind1=" " ind2="0" tag="830"><subfield code="w">(AT-OBV)AC00958038</subfield><subfield code="v">16</subfield><subfield code="9">O:1</subfield></datafield><datafield ind1="1" ind2=" " tag="970"><subfield code="c">18</subfield></datafield><datafield ind1="4" ind2=" " tag="970"><subfield code="b">BVBKAT</subfield></datafield><datafield ind1="0" ind2="s" tag="974"><subfield code="F">030</subfield><subfield code="A">a|1ucr|||||37</subfield></datafield><datafield ind1="0" ind2="s" tag="974"><subfield code="F">050</subfield><subfield code="A">a|a|||||||||||</subfield></datafield><datafield ind1="0" ind2="s" tag="974"><subfield code="F">051</subfield><subfield code="A">s|||||||</subfield></datafield><datafield ind1="2" ind2=" " tag="980"><subfield code="a">16</subfield><subfield code="9">LOCAL</subfield></datafield></record>