<record><leader>01308nam#a2200409#cb4500</leader><controlfield tag="001">990024668190203339</controlfield><controlfield tag="003">AT-OBV</controlfield><controlfield tag="005">20171115003700.0</controlfield><controlfield tag="007">tu</controlfield><controlfield tag="008">101230|1927####gw############|||#|#ger#u</controlfield><controlfield tag="009">AC08364918</controlfield><datafield ind1="7" ind2=" " tag="016"><subfield code="a">362018944</subfield><subfield code="2">DE-101b</subfield></datafield><datafield ind1=" " ind2=" " tag="035"><subfield code="a">AC08364918</subfield></datafield><datafield ind1=" " ind2=" " tag="035"><subfield code="a">(AT-OBV)AC08364918</subfield></datafield><datafield ind1=" " ind2=" " tag="035"><subfield code="a">(Aleph)008351810ACC01</subfield></datafield><datafield ind1=" " ind2=" " tag="035"><subfield code="a">(DE-599)DNB362018944</subfield></datafield><datafield ind1=" " ind2=" " tag="035"><subfield code="a">(EXLNZ-43ACC_NETWORK)990083518100203331</subfield></datafield><datafield ind1=" " ind2=" " tag="040"><subfield code="a">UBG</subfield><subfield code="b">ger</subfield><subfield code="c">DNB</subfield><subfield code="e">rakwb</subfield></datafield><datafield ind1=" " ind2=" " tag="041"><subfield code="a">ger</subfield></datafield><datafield ind1=" " ind2=" " tag="044"><subfield code="c">XA-DE</subfield></datafield><datafield ind1="1" ind2=" " tag="100"><subfield code="a">Peppler, Albert</subfield><subfield code="d">1882-1942</subfield><subfield code="0">(DE-588)11607812X</subfield><subfield code="4">aut</subfield></datafield><datafield ind1="0" ind2="0" tag="245"><subfield code="a">Nachtrag zu den Messungen der rot-ultraroten direkten Sonnenstrahlung in Karlsruhe und auf dem Feldberg (Schwarzwald)</subfield><subfield code="c">Albert Peppler</subfield></datafield><datafield ind1=" " ind2="1" tag="264"><subfield code="a">Karlsruhe</subfield><subfield code="b">Braun</subfield><subfield code="c">1927</subfield></datafield><datafield ind1=" " ind2=" " tag="300"><subfield code="a">43 S.</subfield></datafield><datafield ind1="1" ind2=" " tag="490"><subfield code="a">Abhandlungen / Badische Landeswetterwarte</subfield><subfield code="v">7</subfield></datafield><datafield ind1="1" ind2=" " tag="490"><subfield code="a">Veröffentlichungen der Badischen Landeswetterwarte</subfield><subfield code="v">11</subfield></datafield><datafield ind1=" " ind2=" " tag="500"><subfield code="a">Die Vorlage enth. insgesamt 3 Werke</subfield></datafield><datafield ind1="1" ind2="8" tag="773"><subfield code="w">990024668170203339</subfield><subfield code="9">LOCAL</subfield></datafield><datafield ind1=" " ind2="0" tag="830"><subfield code="w">(AT-OBV)AC02869432</subfield><subfield code="v">7</subfield><subfield code="9">O:1</subfield></datafield><datafield ind1=" " ind2="0" tag="830"><subfield code="w">(AT-OBV)AC02868760</subfield><subfield code="v">11</subfield><subfield code="9">O:2</subfield></datafield><datafield ind1="1" ind2=" " tag="970"><subfield code="c">32</subfield></datafield><datafield ind1="4" ind2=" " tag="970"><subfield code="b">ILTIS</subfield></datafield><datafield ind1="0" ind2="s" tag="974"><subfield code="F">030</subfield><subfield code="A">a|1ucr|||||17</subfield></datafield><datafield ind1="0" ind2="s" tag="974"><subfield code="F">050</subfield><subfield code="A">a|a|||||||||||</subfield></datafield><datafield ind1="0" ind2="s" tag="974"><subfield code="F">051</subfield><subfield code="A">s|||||||</subfield></datafield><datafield ind1="2" ind2=" " tag="980"><subfield code="a">ITM</subfield><subfield code="b">2533694</subfield><subfield code="l">UBG50</subfield><subfield code="9">LOCAL</subfield></datafield><datafield ind1="0" ind2=" " tag="993"><subfield code="a">DBHB</subfield><subfield code="9">LOCAL</subfield></datafield></record>