<record><leader>01198nam#a2200361#cb4500</leader><controlfield tag="001">990024869200203339</controlfield><controlfield tag="003">AT-OBV</controlfield><controlfield tag="005">20171114143100.0</controlfield><controlfield tag="007">tu</controlfield><controlfield tag="008">060619|1932####xx############|||#|#ger#u</controlfield><controlfield tag="009">AC05358635</controlfield><datafield ind1=" " ind2=" " tag="035"><subfield code="a">AC05358635</subfield></datafield><datafield ind1=" " ind2=" " tag="035"><subfield code="a">(AT-OBV)AC05358635</subfield></datafield><datafield ind1=" " ind2=" " tag="035"><subfield code="a">(Aleph)005287340ACC01</subfield></datafield><datafield ind1=" " ind2=" " tag="035"><subfield code="a">(DE-599)OBVAC05358635</subfield></datafield><datafield ind1=" " ind2=" " tag="035"><subfield code="a">(EXLNZ-43ACC_NETWORK)990052873400203331</subfield></datafield><datafield ind1=" " ind2=" " tag="040"><subfield code="a">UBW</subfield><subfield code="b">ger</subfield><subfield code="d">UBG</subfield><subfield code="e">rakwb</subfield></datafield><datafield ind1=" " ind2=" " tag="041"><subfield code="a">ger</subfield></datafield><datafield ind1=" " ind2=" " tag="044"><subfield code="c">XA-DXDE</subfield></datafield><datafield ind1="1" ind2=" " tag="100"><subfield code="a">Wiskott, Alfred</subfield><subfield code="0">(DE-588)102735859</subfield><subfield code="4">aut</subfield></datafield><datafield ind1="0" ind2="0" tag="245"><subfield code="a">Zur Pathogenese, Klinik und Systematik der frühkindlichen Lungenentzündungen</subfield><subfield code="c">von Alfred Wiskott</subfield></datafield><datafield ind1=" " ind2="1" tag="264"><subfield code="a">Berlin</subfield><subfield code="b">Karger</subfield><subfield code="c">1932</subfield></datafield><datafield ind1=" " ind2=" " tag="300"><subfield code="a">163 S.</subfield><subfield code="b">von Alfred Wiskott</subfield></datafield><datafield ind1="1" ind2=" " tag="490"><subfield code="a">Abhandlungen aus der Kinderheilkunde und ihren Grenzgebieten</subfield><subfield code="v">32</subfield></datafield><datafield ind1="1" ind2="8" tag="773"><subfield code="w">990024849000203339</subfield><subfield code="g">no:LKR</subfield><subfield code="9">LOCAL</subfield></datafield><datafield ind1=" " ind2="0" tag="830"><subfield code="w">(AT-OBV)AC02578838</subfield><subfield code="v">32</subfield><subfield code="9">O:1</subfield></datafield><datafield ind1="4" ind2=" " tag="856"><subfield code="u">http://www.ub.univie.ac.at/katscans/NKN017/0007/00000093.gif</subfield><subfield code="z">Katalogkarte</subfield><subfield code="o">Katalogkarte</subfield></datafield><datafield ind1="0" ind2=" " tag="970"><subfield code="a">UBW-Retro-K</subfield></datafield><datafield ind1="1" ind2=" " tag="970"><subfield code="c">34</subfield></datafield><datafield ind1="0" ind2="s" tag="974"><subfield code="F">030</subfield><subfield code="A">a|1ucr|||||17</subfield></datafield><datafield ind1="0" ind2="s" tag="974"><subfield code="F">050</subfield><subfield code="A">a|a|||||||||||</subfield></datafield><datafield ind1="0" ind2="s" tag="974"><subfield code="F">051</subfield><subfield code="A">s|||||||</subfield></datafield><datafield ind1="2" ind2=" " tag="980"><subfield code="a">ITM</subfield><subfield code="b">2554819</subfield><subfield code="l">UBG50</subfield><subfield code="v">LKR</subfield><subfield code="9">LOCAL</subfield></datafield></record>