<record><leader>01082nam#a2200349#cb4500</leader><controlfield tag="001">990022160130203339</controlfield><controlfield tag="003">AT-OBV</controlfield><controlfield tag="005">20171114173500.0</controlfield><controlfield tag="007">tu</controlfield><controlfield tag="008">071022|1929####cs############|||#|#cze#u</controlfield><controlfield tag="009">AC06378759</controlfield><datafield ind1=" " ind2=" " tag="035"><subfield code="a">AC06378759</subfield></datafield><datafield ind1=" " ind2=" " tag="035"><subfield code="a">(AT-OBV)AC06378759</subfield></datafield><datafield ind1=" " ind2=" " tag="035"><subfield code="a">(Aleph)006192679ACC01</subfield></datafield><datafield ind1=" " ind2=" " tag="035"><subfield code="a">(DE-599)OBVAC06378759</subfield></datafield><datafield ind1=" " ind2=" " tag="035"><subfield code="a">(EXLNZ-43ACC_NETWORK)990061926790203331</subfield></datafield><datafield ind1=" " ind2=" " tag="040"><subfield code="a">UBG</subfield><subfield code="b">ger</subfield><subfield code="e">rakwb</subfield></datafield><datafield ind1=" " ind2=" " tag="041"><subfield code="a">cze</subfield></datafield><datafield ind1=" " ind2=" " tag="044"><subfield code="c">XA-CSHH</subfield></datafield><datafield ind1="1" ind2=" " tag="100"><subfield code="a">Urbánek, Rudolf</subfield><subfield code="d">1877-1962</subfield><subfield code="0">(DE-588)12829566X</subfield><subfield code="4">aut</subfield></datafield><datafield ind1="0" ind2="0" tag="242"><subfield code="a">2 Studien über die Zeit Georgs v. Podebrod</subfield><subfield code="y">ger</subfield></datafield><datafield ind1="0" ind2="0" tag="245"><subfield code="a">Dvě studie o době Poděbradské</subfield><subfield code="c">Rudolf Urbánek</subfield></datafield><datafield ind1=" " ind2="1" tag="264"><subfield code="a">Brno</subfield><subfield code="b">Vydava Filosoficka Fakulta</subfield><subfield code="c">1929</subfield></datafield><datafield ind1=" " ind2=" " tag="300"><subfield code="a">412 S.</subfield></datafield><datafield ind1="1" ind2=" " tag="490"><subfield code="a">Spisy Filosofické Fakulty Masarykovy University v Brně</subfield><subfield code="v">27</subfield></datafield><datafield ind1="1" ind2="8" tag="773"><subfield code="w">990022160060203339</subfield><subfield code="9">LOCAL</subfield></datafield><datafield ind1=" " ind2="0" tag="830"><subfield code="w">(AT-OBV)AC00174348</subfield><subfield code="v">27</subfield><subfield code="9">O:1</subfield></datafield><datafield ind1="0" ind2="s" tag="974"><subfield code="F">030</subfield><subfield code="A">a|1ucr|||||37</subfield></datafield><datafield ind1="0" ind2="s" tag="974"><subfield code="F">050</subfield><subfield code="A">a|a|||||||||||</subfield></datafield><datafield ind1="0" ind2="s" tag="974"><subfield code="F">051</subfield><subfield code="A">s|||||||</subfield></datafield><datafield ind1="2" ind2=" " tag="980"><subfield code="a">ITM</subfield><subfield code="b">2271652</subfield><subfield code="l">UBG50</subfield><subfield code="9">LOCAL</subfield></datafield><datafield ind1="0" ind2=" " tag="993"><subfield code="a">DBHB ok</subfield><subfield code="9">LOCAL</subfield></datafield></record>