<record><leader>01297nam#a2200433#cb4500</leader><controlfield tag="001">990025132900203339</controlfield><controlfield tag="003">AT-OBV</controlfield><controlfield tag="005">20171115011900.0</controlfield><controlfield tag="007">tu</controlfield><controlfield tag="008">110816|1980####fr############|||#|#fre#u</controlfield><controlfield tag="009">AC08716279</controlfield><datafield ind1=" " ind2=" " tag="035"><subfield code="a">AC08716279</subfield></datafield><datafield ind1=" " ind2=" " tag="035"><subfield code="a">(AT-OBV)AC08716279</subfield></datafield><datafield ind1=" " ind2=" " tag="035"><subfield code="a">(Aleph)008688324ACC01</subfield></datafield><datafield ind1=" " ind2=" " tag="035"><subfield code="a">(DE-599)OBVAC08716279</subfield></datafield><datafield ind1=" " ind2=" " tag="035"><subfield code="a">(EXLNZ-43ACC_NETWORK)990086883240203331</subfield></datafield><datafield ind1=" " ind2=" " tag="040"><subfield code="a">UBG</subfield><subfield code="b">ger</subfield><subfield code="d">FWG</subfield><subfield code="e">rakddb</subfield></datafield><datafield ind1=" " ind2=" " tag="041"><subfield code="a">fre</subfield></datafield><datafield ind1=" " ind2=" " tag="044"><subfield code="c">XA-FR</subfield></datafield><datafield ind1=" " ind2="4" tag="050"><subfield code="a">P25</subfield></datafield><datafield ind1="0" ind2="0" tag="245"><subfield code="a">Apprentissage et connaissance d'une langue étrangère</subfield><subfield code="c">par Clive Perdue ...</subfield></datafield><datafield ind1=" " ind2="1" tag="264"><subfield code="a">Paris</subfield><subfield code="b">Larousse</subfield><subfield code="c">1980</subfield></datafield><datafield ind1=" " ind2=" " tag="300"><subfield code="a">126 S.</subfield><subfield code="b">Ill.</subfield></datafield><datafield ind1="1" ind2=" " tag="490"><subfield code="a">Langages</subfield><subfield code="v">1980,57</subfield></datafield><datafield ind1=" " ind2=" " tag="500"><subfield code="a">Literaturverz. S. 121 - 126</subfield></datafield><datafield ind1=" " ind2="0" tag="650"><subfield code="a">Languages, Modern</subfield><subfield code="x">Study and teaching</subfield></datafield><datafield ind1="0" ind2="0" tag="689"><subfield code="a">Fremdsprachenlernen</subfield><subfield code="D">s</subfield><subfield code="0">(DE-588)4071461-5</subfield></datafield><datafield ind1="0" ind2="1" tag="689"><subfield code="a">Fremdsprachenkenntnis</subfield><subfield code="D">s</subfield><subfield code="0">(DE-588)4155380-9</subfield></datafield><datafield ind1="0" ind2="2" tag="689"><subfield code="a">Aufsatzsammlung</subfield><subfield code="A">f</subfield></datafield><datafield ind1="0" ind2=" " tag="689"><subfield code="5">AT-OBV</subfield><subfield code="5">UBGRUF</subfield></datafield><datafield ind1="1" ind2=" " tag="700"><subfield code="a">Perdue, Clive</subfield><subfield code="d">1944-2008</subfield><subfield code="0">(DE-588)139967788</subfield><subfield code="4">ctb</subfield></datafield><datafield ind1="1" ind2="8" tag="773"><subfield code="w">(AT-OBV)AC02041194</subfield><subfield code="g">no:1980</subfield><subfield code="9">LOCAL</subfield></datafield><datafield ind1=" " ind2="0" tag="830"><subfield code="w">(AT-OBV)AC02041194</subfield><subfield code="v">57</subfield><subfield code="9">O:1</subfield></datafield><datafield ind1="1" ind2=" " tag="970"><subfield code="c">18</subfield></datafield><datafield ind1="4" ind2=" " tag="970"><subfield code="b">BVBKAT</subfield></datafield><datafield ind1="0" ind2="s" tag="974"><subfield code="F">030</subfield><subfield code="A">a|1dazzz|||37</subfield></datafield><datafield ind1="0" ind2="s" tag="974"><subfield code="F">050</subfield><subfield code="A">a|a|||||||||||</subfield></datafield><datafield ind1="0" ind2="s" tag="974"><subfield code="F">051</subfield><subfield code="A">s|||||||</subfield></datafield><datafield ind1="2" ind2=" " tag="980"><subfield code="a">1980</subfield><subfield code="9">LOCAL</subfield></datafield></record>