<record><leader>01131nam#a2200397zcb4500</leader><controlfield tag="001">990024903040203339</controlfield><controlfield tag="003">AT-OBV</controlfield><controlfield tag="005">20171114093800.0</controlfield><controlfield tag="007">tu</controlfield><controlfield tag="008">020405|2001####fr############|||#|#fre#u</controlfield><controlfield tag="009">AC03393182</controlfield><datafield ind1=" " ind2=" " tag="020"><subfield code="a">2035770327</subfield></datafield><datafield ind1=" " ind2=" " tag="035"><subfield code="a">AC03393182</subfield></datafield><datafield ind1=" " ind2=" " tag="035"><subfield code="a">(AT-OBV)AC03393182</subfield></datafield><datafield ind1=" " ind2=" " tag="035"><subfield code="a">(Aleph)003385745ACC01</subfield></datafield><datafield ind1=" " ind2=" " tag="035"><subfield code="a">(DE-599)OBVAC03393182</subfield></datafield><datafield ind1=" " ind2=" " tag="035"><subfield code="a">(EXLNZ-43ACC_NETWORK)990033857450203331</subfield></datafield><datafield ind1=" " ind2=" " tag="040"><subfield code="a">UBK</subfield><subfield code="b">ger</subfield><subfield code="d">UBG</subfield><subfield code="e">rakwb</subfield></datafield><datafield ind1=" " ind2=" " tag="041"><subfield code="a">fre</subfield></datafield><datafield ind1=" " ind2=" " tag="044"><subfield code="c">XA-FR</subfield></datafield><datafield ind1="0" ind2="0" tag="245"><subfield code="a">&lt;&lt;La&gt;&gt; parole intérieure</subfield><subfield code="c">Gabriel Bergounioux ...</subfield></datafield><datafield ind1=" " ind2="1" tag="264"><subfield code="a">Paris</subfield><subfield code="b">Larousse</subfield><subfield code="c">2001</subfield></datafield><datafield ind1=" " ind2=" " tag="300"><subfield code="a">127 S.</subfield></datafield><datafield ind1="1" ind2=" " tag="490"><subfield code="a">Langue française</subfield><subfield code="v">2001,132</subfield></datafield><datafield ind1=" " ind2=" " tag="500"><subfield code="a">Literaturangaben</subfield></datafield><datafield ind1="0" ind2="0" tag="689"><subfield code="a">Innere Sprache</subfield><subfield code="D">s</subfield><subfield code="0">(DE-588)4161808-7</subfield></datafield><datafield ind1="0" ind2="1" tag="689"><subfield code="a">Aufsatzsammlung</subfield><subfield code="A">f</subfield></datafield><datafield ind1="0" ind2=" " tag="689"><subfield code="5">AT-OBV</subfield><subfield code="5">UBGRUF</subfield></datafield><datafield ind1="1" ind2=" " tag="700"><subfield code="a">Bergounioux, Gabriel</subfield><subfield code="d">1954-</subfield><subfield code="0">(DE-588)138720363</subfield><subfield code="4">ctb</subfield></datafield><datafield ind1="1" ind2="8" tag="773"><subfield code="w">(AT-OBV)AC00958038</subfield><subfield code="g">no:2001</subfield><subfield code="9">LOCAL</subfield></datafield><datafield ind1=" " ind2="0" tag="830"><subfield code="w">(AT-OBV)AC00958038</subfield><subfield code="v">132</subfield><subfield code="9">O:1</subfield></datafield><datafield ind1="1" ind2=" " tag="970"><subfield code="c">18</subfield></datafield><datafield ind1="0" ind2="s" tag="974"><subfield code="F">030</subfield><subfield code="A">z|1dcr|||||37</subfield></datafield><datafield ind1="0" ind2="s" tag="974"><subfield code="F">050</subfield><subfield code="A">a|a|||||||||||</subfield></datafield><datafield ind1="0" ind2="s" tag="974"><subfield code="F">051</subfield><subfield code="A">s||||||</subfield></datafield><datafield ind1="2" ind2=" " tag="980"><subfield code="a">2001</subfield><subfield code="9">LOCAL</subfield></datafield></record>