<record><leader>01331nam#a2200457#cb4500</leader><controlfield tag="001">990025184170203339</controlfield><controlfield tag="003">AT-OBV</controlfield><controlfield tag="005">20171115012300.0</controlfield><controlfield tag="007">tu</controlfield><controlfield tag="008">110920|1987####fr############|||#|#fre#u</controlfield><controlfield tag="009">AC08753120</controlfield><datafield ind1=" " ind2=" " tag="035"><subfield code="a">AC08753120</subfield></datafield><datafield ind1=" " ind2=" " tag="035"><subfield code="a">(AT-OBV)AC08753120</subfield></datafield><datafield ind1=" " ind2=" " tag="035"><subfield code="a">(Aleph)008731906ACC01</subfield></datafield><datafield ind1=" " ind2=" " tag="035"><subfield code="a">(DE-599)OBVAC08753120</subfield></datafield><datafield ind1=" " ind2=" " tag="035"><subfield code="a">(EXLNZ-43ACC_NETWORK)990087319060203331</subfield></datafield><datafield ind1=" " ind2=" " tag="040"><subfield code="a">UBG</subfield><subfield code="b">ger</subfield><subfield code="d">FWG</subfield><subfield code="e">rakwb</subfield></datafield><datafield ind1=" " ind2=" " tag="041"><subfield code="a">fre</subfield></datafield><datafield ind1=" " ind2=" " tag="044"><subfield code="c">XA-FR</subfield></datafield><datafield ind1=" " ind2="4" tag="050"><subfield code="a">P2</subfield></datafield><datafield ind1="1" ind2=" " tag="100"><subfield code="a">Rastier, François</subfield><subfield code="d">1945-</subfield><subfield code="0">(DE-588)133416658</subfield><subfield code="4">aut</subfield></datafield><datafield ind1="0" ind2="0" tag="245"><subfield code="a">Sémantique et intelligence artificielle</subfield><subfield code="c">par François Rastier ...</subfield></datafield><datafield ind1=" " ind2="1" tag="264"><subfield code="a">Paris</subfield><subfield code="b">Larousse</subfield><subfield code="c">1987</subfield></datafield><datafield ind1=" " ind2=" " tag="300"><subfield code="a">127 S.</subfield><subfield code="b">graph. Darst.</subfield></datafield><datafield ind1="1" ind2=" " tag="490"><subfield code="a">Langages</subfield><subfield code="v">1987,87</subfield></datafield><datafield ind1=" " ind2=" " tag="500"><subfield code="a">Literaturangaben</subfield></datafield><datafield ind1=" " ind2="4" tag="650"><subfield code="a">Kunstmatige intelligentie</subfield><subfield code="g">gtt</subfield></datafield><datafield ind1=" " ind2="4" tag="650"><subfield code="a">Semantiek</subfield><subfield code="g">gtt</subfield></datafield><datafield ind1=" " ind2="0" tag="650"><subfield code="a">Artificial intelligence</subfield></datafield><datafield ind1=" " ind2="0" tag="650"><subfield code="a">Semantics</subfield></datafield><datafield ind1="0" ind2="0" tag="689"><subfield code="a">Semantik</subfield><subfield code="D">s</subfield><subfield code="0">(DE-588)4054490-4</subfield></datafield><datafield ind1="0" ind2="1" tag="689"><subfield code="a">Künstliche Intelligenz</subfield><subfield code="D">s</subfield><subfield code="0">(DE-588)4033447-8</subfield></datafield><datafield ind1="0" ind2=" " tag="689"><subfield code="5">AT-OBV</subfield><subfield code="5">UBGRUF</subfield></datafield><datafield ind1="1" ind2="8" tag="773"><subfield code="w">(AT-OBV)AC02041194</subfield><subfield code="g">no:1987</subfield><subfield code="9">LOCAL</subfield></datafield><datafield ind1=" " ind2="0" tag="830"><subfield code="w">(AT-OBV)AC02041194</subfield><subfield code="v">87</subfield><subfield code="9">O:1</subfield></datafield><datafield ind1="1" ind2=" " tag="970"><subfield code="c">18</subfield></datafield><datafield ind1="4" ind2=" " tag="970"><subfield code="b">BVBKAT</subfield></datafield><datafield ind1="0" ind2="s" tag="974"><subfield code="F">030</subfield><subfield code="A">a|1ucr|||||17</subfield></datafield><datafield ind1="0" ind2="s" tag="974"><subfield code="F">050</subfield><subfield code="A">a|a|||||||||||</subfield></datafield><datafield ind1="0" ind2="s" tag="974"><subfield code="F">051</subfield><subfield code="A">s|||||||</subfield></datafield><datafield ind1="2" ind2=" " tag="980"><subfield code="a">1987</subfield><subfield code="9">LOCAL</subfield></datafield></record>