<record><leader>00979nam#a2200325#c#4500</leader><controlfield tag="001">990025291560203339</controlfield><controlfield tag="003">AT-OBV</controlfield><controlfield tag="005">20171115013100.0</controlfield><controlfield tag="007">tu</controlfield><controlfield tag="008">111124|1934####fr#######2####|||#|#fre#u</controlfield><controlfield tag="009">AC08826755</controlfield><datafield ind1=" " ind2=" " tag="035"><subfield code="a">AC08826755</subfield></datafield><datafield ind1=" " ind2=" " tag="035"><subfield code="a">(AT-OBV)AC08826755</subfield></datafield><datafield ind1=" " ind2=" " tag="035"><subfield code="a">(Aleph)008814422ACC01</subfield></datafield><datafield ind1=" " ind2=" " tag="035"><subfield code="a">(DE-599)OBVAC08826755</subfield></datafield><datafield ind1=" " ind2=" " tag="035"><subfield code="a">(EXLNZ-43ACC_NETWORK)990088144220203331</subfield></datafield><datafield ind1=" " ind2=" " tag="040"><subfield code="a">UBG</subfield><subfield code="b">ger</subfield><subfield code="e">rakwb</subfield></datafield><datafield ind1=" " ind2=" " tag="041"><subfield code="a">fre</subfield></datafield><datafield ind1=" " ind2=" " tag="044"><subfield code="c">XA-FR</subfield></datafield><datafield ind1="1" ind2=" " tag="100"><subfield code="a">Meriggi, Piero</subfield><subfield code="d">1899-1982</subfield><subfield code="0">(DE-588)102756791</subfield><subfield code="4">aut</subfield></datafield><datafield ind1="0" ind2="0" tag="245"><subfield code="a">Soultan Han</subfield><subfield code="c">[P. Meriggi]</subfield></datafield><datafield ind1=" " ind2="1" tag="264"><subfield code="a">Paris</subfield><subfield code="b">Société des Études Hittites et Asianiques</subfield><subfield code="c">1934</subfield></datafield><datafield ind1=" " ind2=" " tag="300"><subfield code="a">S. [239] - 240, Bl. 11 - 12</subfield><subfield code="b">Ill., Kt.</subfield></datafield><datafield ind1=" " ind2=" " tag="500"><subfield code="a">Aus: Revue hittite et asianique ; 4.1934,15</subfield></datafield><datafield ind1="1" ind2="8" tag="773"><subfield code="w">990025291450203339</subfield><subfield code="g">no:LKR</subfield><subfield code="9">LOCAL</subfield></datafield><datafield ind1="1" ind2=" " tag="970"><subfield code="c">22</subfield></datafield><datafield ind1="0" ind2="s" tag="974"><subfield code="F">030</subfield><subfield code="A">a|1ucr|||||17</subfield></datafield><datafield ind1="0" ind2="s" tag="974"><subfield code="F">050</subfield><subfield code="A">a|a|||||||||||</subfield></datafield><datafield ind1="0" ind2="s" tag="974"><subfield code="F">051</subfield><subfield code="A">mv||||||</subfield></datafield><datafield ind1="2" ind2=" " tag="980"><subfield code="a">ITM</subfield><subfield code="b">2592575</subfield><subfield code="l">UBG50</subfield><subfield code="v">LKR</subfield><subfield code="9">LOCAL</subfield></datafield></record>