<record><leader>01320nam#a2200445#cb4500</leader><controlfield tag="001">990025423560203339</controlfield><controlfield tag="003">AT-OBV</controlfield><controlfield tag="005">20171115013500.0</controlfield><controlfield tag="007">tu</controlfield><controlfield tag="008">120109|2011####fr############|||#|#fre#u</controlfield><controlfield tag="009">AC08863976</controlfield><datafield ind1=" " ind2=" " tag="020"><subfield code="a">9782200927073</subfield></datafield><datafield ind1=" " ind2=" " tag="035"><subfield code="a">AC08863976</subfield></datafield><datafield ind1=" " ind2=" " tag="035"><subfield code="a">(AT-OBV)AC08863976</subfield></datafield><datafield ind1=" " ind2=" " tag="035"><subfield code="a">(Aleph)008866950ACC01</subfield></datafield><datafield ind1=" " ind2=" " tag="035"><subfield code="a">(DE-599)OBVAC08863976</subfield></datafield><datafield ind1=" " ind2=" " tag="035"><subfield code="a">(EXLNZ-43ACC_NETWORK)990088669500203331</subfield></datafield><datafield ind1=" " ind2=" " tag="040"><subfield code="a">UBG</subfield><subfield code="b">ger</subfield><subfield code="d">FWG</subfield><subfield code="e">rakwb</subfield></datafield><datafield ind1=" " ind2=" " tag="041"><subfield code="a">fre</subfield></datafield><datafield ind1=" " ind2=" " tag="044"><subfield code="c">XA-FR</subfield></datafield><datafield ind1="0" ind2="0" tag="245"><subfield code="a">&lt;&lt;Les&gt;&gt; marqueurs du discours</subfield><subfield code="b">approches contrastives</subfield><subfield code="c">par Amalia Rodríguez Somolinos ...</subfield></datafield><datafield ind1=" " ind2="1" tag="264"><subfield code="a">Paris</subfield><subfield code="b">Larousse</subfield><subfield code="c">2011</subfield></datafield><datafield ind1=" " ind2=" " tag="300"><subfield code="a">151 S.</subfield></datafield><datafield ind1="1" ind2=" " tag="490"><subfield code="a">Langages</subfield><subfield code="v">2011,184</subfield></datafield><datafield ind1=" " ind2=" " tag="500"><subfield code="a">Literaturangaben</subfield></datafield><datafield ind1="0" ind2="0" tag="689"><subfield code="a">Diskursmarker</subfield><subfield code="D">s</subfield><subfield code="0">(DE-588)4304342-2</subfield></datafield><datafield ind1="0" ind2="1" tag="689"><subfield code="a">Kontrastive Semantik</subfield><subfield code="D">s</subfield><subfield code="0">(DE-588)4255333-7</subfield></datafield><datafield ind1="0" ind2="2" tag="689"><subfield code="a">Aufsatzsammlung</subfield><subfield code="A">f</subfield></datafield><datafield ind1="0" ind2=" " tag="689"><subfield code="5">AT-OBV</subfield><subfield code="5">UBGRUF</subfield></datafield><datafield ind1="1" ind2=" " tag="700"><subfield code="a">Rodríguez Somolinos, Amalia</subfield><subfield code="4">ctb</subfield></datafield><datafield ind1="1" ind2="8" tag="773"><subfield code="w">(AT-OBV)AC02041194</subfield><subfield code="g">no:2011</subfield><subfield code="9">LOCAL</subfield></datafield><datafield ind1=" " ind2="0" tag="830"><subfield code="w">(AT-OBV)AC02041194</subfield><subfield code="v">184</subfield><subfield code="9">O:1</subfield></datafield><datafield ind1="0" ind2="1" tag="900"><subfield code="a">Rodríguez-Somolinos, Amalia</subfield></datafield><datafield ind1="0" ind2="1" tag="900"><subfield code="a">Somolinos, Amalia Rodríguez-</subfield></datafield><datafield ind1="1" ind2=" " tag="970"><subfield code="c">18</subfield></datafield><datafield ind1="4" ind2=" " tag="970"><subfield code="b">BVBKAT</subfield></datafield><datafield ind1="0" ind2="s" tag="974"><subfield code="F">030</subfield><subfield code="A">a|1ucr|||||37</subfield></datafield><datafield ind1="0" ind2="s" tag="974"><subfield code="F">050</subfield><subfield code="A">a|a|||||||||||</subfield></datafield><datafield ind1="0" ind2="s" tag="974"><subfield code="F">051</subfield><subfield code="A">s|||||||</subfield></datafield><datafield ind1="2" ind2=" " tag="980"><subfield code="a">2011</subfield><subfield code="9">LOCAL</subfield></datafield></record>