<record><leader>01260nam#a2200409#cb4500</leader><controlfield tag="001">990025983760203339</controlfield><controlfield tag="003">AT-OBV</controlfield><controlfield tag="005">20180224070300.0</controlfield><controlfield tag="007">tu</controlfield><controlfield tag="008">130107|2012####fr############|||#|#fre#u</controlfield><controlfield tag="009">AC10668807</controlfield><datafield ind1=" " ind2=" " tag="020"><subfield code="z">9782200927807</subfield></datafield><datafield ind1=" " ind2=" " tag="035"><subfield code="a">AC10668807</subfield></datafield><datafield ind1=" " ind2=" " tag="035"><subfield code="a">(AT-OBV)AC10668807</subfield></datafield><datafield ind1=" " ind2=" " tag="035"><subfield code="a">(Aleph)010188870ACC01</subfield></datafield><datafield ind1=" " ind2=" " tag="035"><subfield code="a">(DE-599)OBVAC10668807</subfield></datafield><datafield ind1=" " ind2=" " tag="035"><subfield code="a">(EXLNZ-43ACC_NETWORK)990101888700203331</subfield></datafield><datafield ind1=" " ind2=" " tag="040"><subfield code="a">UBG</subfield><subfield code="b">ger</subfield><subfield code="d">UBW</subfield><subfield code="e">rakwb</subfield></datafield><datafield ind1=" " ind2=" " tag="041"><subfield code="a">fre</subfield></datafield><datafield ind1=" " ind2=" " tag="044"><subfield code="c">XA-FR</subfield></datafield><datafield ind1="0" ind2="0" tag="245"><subfield code="a">Comment écrire une grammaire du français?</subfield><subfield code="c">la composition de ce numéro a été confié à Teddy Arnavielle &amp; Gilles Siouffi</subfield></datafield><datafield ind1=" " ind2="1" tag="264"><subfield code="a">Paris</subfield><subfield code="b">Larousse</subfield><subfield code="c">2012</subfield></datafield><datafield ind1=" " ind2=" " tag="300"><subfield code="a">132 S.</subfield><subfield code="b">graph. Darst.</subfield></datafield><datafield ind1="1" ind2=" " tag="490"><subfield code="a">Langue française</subfield><subfield code="v">2012,176</subfield></datafield><datafield ind1=" " ind2=" " tag="500"><subfield code="a">Literaturangaben</subfield></datafield><datafield ind1="0" ind2="0" tag="689"><subfield code="a">Französisch</subfield><subfield code="D">s</subfield><subfield code="0">(DE-588)4113615-9</subfield></datafield><datafield ind1="0" ind2="1" tag="689"><subfield code="a">Grammatik</subfield><subfield code="D">s</subfield><subfield code="0">(DE-588)4021806-5</subfield></datafield><datafield ind1="0" ind2="2" tag="689"><subfield code="a">Aufsatzsammlung</subfield><subfield code="A">f</subfield></datafield><datafield ind1="0" ind2=" " tag="689"><subfield code="5">AT-OBV</subfield><subfield code="5">HBZ</subfield></datafield><datafield ind1="1" ind2=" " tag="700"><subfield code="a">Arnavielle, Teddy</subfield><subfield code="0">(DE-588)1029593280</subfield><subfield code="4">ctb</subfield></datafield><datafield ind1="1" ind2="8" tag="773"><subfield code="w">(AT-OBV)AC00958038</subfield><subfield code="g">no:2012</subfield><subfield code="9">LOCAL</subfield></datafield><datafield ind1=" " ind2="0" tag="830"><subfield code="w">(AT-OBV)AC00958038</subfield><subfield code="v">176</subfield><subfield code="9">O:1</subfield></datafield><datafield ind1="1" ind2=" " tag="970"><subfield code="c">18</subfield></datafield><datafield ind1="0" ind2="s" tag="974"><subfield code="F">030</subfield><subfield code="A">a|1ucr|||||37</subfield></datafield><datafield ind1="0" ind2="s" tag="974"><subfield code="F">050</subfield><subfield code="A">a|a|||||||||||</subfield></datafield><datafield ind1="0" ind2="s" tag="974"><subfield code="F">051</subfield><subfield code="A">s|||||||</subfield></datafield><datafield ind1="2" ind2=" " tag="980"><subfield code="a">2012</subfield><subfield code="9">LOCAL</subfield></datafield></record>