<record><leader>01481nam#a2200457zcb4500</leader><controlfield tag="001">990026799940203339</controlfield><controlfield tag="003">AT-OBV</controlfield><controlfield tag="005">20180224031100.0</controlfield><controlfield tag="007">tu</controlfield><controlfield tag="008">950322|1930####it############|||#|#ita#u</controlfield><controlfield tag="009">AC00767655</controlfield><datafield ind1=" " ind2=" " tag="035"><subfield code="a">AC00767655</subfield></datafield><datafield ind1=" " ind2=" " tag="035"><subfield code="a">(AT-OBV)AC00767655</subfield></datafield><datafield ind1=" " ind2=" " tag="035"><subfield code="a">(Aleph)000171921ACC01</subfield></datafield><datafield ind1=" " ind2=" " tag="035"><subfield code="a">(DE-599)OBVAC00767655</subfield></datafield><datafield ind1=" " ind2=" " tag="035"><subfield code="a">(EXLNZ-43ACC_NETWORK)990001719210203331</subfield></datafield><datafield ind1=" " ind2=" " tag="040"><subfield code="a">UBS</subfield><subfield code="b">ger</subfield><subfield code="d">UBG</subfield><subfield code="e">rakwb</subfield></datafield><datafield ind1=" " ind2=" " tag="041"><subfield code="a">ita</subfield></datafield><datafield ind1=" " ind2=" " tag="044"><subfield code="c">XA-IT</subfield></datafield><datafield ind1="1" ind2=" " tag="100"><subfield code="a">Arangio-Ruiz, Vincenzo</subfield><subfield code="d">1884-1964</subfield><subfield code="0">(DE-588)117746835</subfield><subfield code="4">aut</subfield></datafield><datafield ind1="0" ind2="0" tag="245"><subfield code="a">Persone e famiglia nel diritto dei papiri</subfield><subfield code="c">Vincenzo Arangio-Ruiz</subfield></datafield><datafield ind1=" " ind2="1" tag="264"><subfield code="a">Milano</subfield><subfield code="b">Vita e Pensiero</subfield><subfield code="c">1930</subfield></datafield><datafield ind1=" " ind2=" " tag="300"><subfield code="a">XVI, 84 S.</subfield></datafield><datafield ind1="1" ind2=" " tag="490"><subfield code="a">Pubblicazioni della Università Cattolica del Sacro Cuore : Serie 2, Scienze giuridiche</subfield><subfield code="v">26</subfield></datafield><datafield ind1=" " ind2=" " tag="500"><subfield code="a">Literaturangaben</subfield></datafield><datafield ind1="0" ind2="0" tag="689"><subfield code="a">Familie</subfield><subfield code="D">s</subfield><subfield code="0">(DE-588)4016397-0</subfield></datafield><datafield ind1="0" ind2="1" tag="689"><subfield code="a">Papyrus</subfield><subfield code="D">s</subfield><subfield code="0">(DE-588)4044571-9</subfield></datafield><datafield ind1="0" ind2=" " tag="689"><subfield code="5">AT-OBV</subfield><subfield code="5">ONB-PI</subfield></datafield><datafield ind1="1" ind2="0" tag="689"><subfield code="a">Papyrus</subfield><subfield code="D">s</subfield><subfield code="0">(DE-588)4044571-9</subfield></datafield><datafield ind1="1" ind2="1" tag="689"><subfield code="a">Recht</subfield><subfield code="D">s</subfield><subfield code="0">(DE-588)4048737-4</subfield></datafield><datafield ind1="1" ind2=" " tag="689"><subfield code="5">AT-OBV</subfield><subfield code="5">ONB-PI</subfield></datafield><datafield ind1="2" ind2="0" tag="689"><subfield code="a">Person</subfield><subfield code="D">s</subfield><subfield code="0">(DE-588)4134819-9</subfield></datafield><datafield ind1="2" ind2="1" tag="689"><subfield code="a">Papyrus</subfield><subfield code="D">s</subfield><subfield code="0">(DE-588)4044571-9</subfield></datafield><datafield ind1="2" ind2=" " tag="689"><subfield code="5">AT-OBV</subfield><subfield code="5">ONB-PI</subfield></datafield><datafield ind1="1" ind2="8" tag="773"><subfield code="w">990029616780203339</subfield><subfield code="g">no:LKR</subfield><subfield code="9">LOCAL</subfield></datafield><datafield ind1=" " ind2="0" tag="830"><subfield code="w">(AT-OBV)AC00902738</subfield><subfield code="v">26</subfield><subfield code="9">O:1</subfield></datafield><datafield ind1="0" ind2="1" tag="900"><subfield code="a">Ruiz, Vincenzo A.-</subfield></datafield><datafield ind1="0" ind2="s" tag="974"><subfield code="F">030</subfield><subfield code="A">z|1dcr|||||17</subfield></datafield><datafield ind1="0" ind2="s" tag="974"><subfield code="F">050</subfield><subfield code="A">a|a|||||||||||</subfield></datafield><datafield ind1="0" ind2="s" tag="974"><subfield code="F">051</subfield><subfield code="A">s||||||</subfield></datafield><datafield ind1="2" ind2=" " tag="980"><subfield code="a">ITM</subfield><subfield code="b">2961803</subfield><subfield code="l">UBG50</subfield><subfield code="v">LKR</subfield><subfield code="9">LOCAL</subfield></datafield></record>