<record><leader>01026nam#a2200337#cc4500</leader><controlfield tag="001">990026657650203339</controlfield><controlfield tag="003">AT-OBV</controlfield><controlfield tag="005">20180224050000.0</controlfield><controlfield tag="007">tu</controlfield><controlfield tag="008">140117|1903####fr############|||#|#fre#u</controlfield><controlfield tag="009">AC11297415</controlfield><datafield ind1=" " ind2=" " tag="035"><subfield code="a">AC11297415</subfield></datafield><datafield ind1=" " ind2=" " tag="035"><subfield code="a">(AT-OBV)AC11297415</subfield></datafield><datafield ind1=" " ind2=" " tag="035"><subfield code="a">(Aleph)011276062ACC01</subfield></datafield><datafield ind1=" " ind2=" " tag="035"><subfield code="a">(DE-599)OBVAC11297415</subfield></datafield><datafield ind1=" " ind2=" " tag="035"><subfield code="a">(EXLNZ-43ACC_NETWORK)990112760620203331</subfield></datafield><datafield ind1=" " ind2=" " tag="040"><subfield code="a">UBG</subfield><subfield code="b">ger</subfield><subfield code="e">rakwb</subfield></datafield><datafield ind1=" " ind2=" " tag="041"><subfield code="a">fre</subfield></datafield><datafield ind1=" " ind2=" " tag="044"><subfield code="c">XA-FR</subfield></datafield><datafield ind1="1" ind2=" " tag="100"><subfield code="a">Rousseau, Jean-Jacques</subfield><subfield code="d">1712-1778</subfield><subfield code="0">(DE-588)118603426</subfield><subfield code="4">aut</subfield><subfield code="9">O:H</subfield></datafield><datafield ind1="2" ind2=" " tag="110"><subfield code="a">Bibliothèque Nationale</subfield><subfield code="g">Paris</subfield><subfield code="0">(DE-588)2004629-7</subfield><subfield code="4">aut</subfield><subfield code="9">O:H</subfield></datafield><datafield ind1="0" ind2="0" tag="245"><subfield code="a">Emile ou de l'éducation</subfield><subfield code="n">2</subfield><subfield code="c">par J.-J. Rousseau</subfield></datafield><datafield ind1=" " ind2="1" tag="264"><subfield code="a">Paris</subfield><subfield code="b">Libr. de la Bibliotheque Nationale</subfield><subfield code="c">1903</subfield></datafield><datafield ind1=" " ind2=" " tag="300"><subfield code="a">192 S.</subfield></datafield><datafield ind1="0" ind2="8" tag="773"><subfield code="w">(AT-OBV)AC07844174</subfield><subfield code="q">2</subfield></datafield><datafield ind1="1" ind2="8" tag="773"><subfield code="w">990026657630203339</subfield><subfield code="g">no:LKR</subfield><subfield code="9">LOCAL</subfield></datafield><datafield ind1="1" ind2=" " tag="970"><subfield code="c">18</subfield></datafield><datafield ind1="0" ind2="s" tag="974"><subfield code="F">030</subfield><subfield code="A">a|1ucr|||||||</subfield></datafield><datafield ind1="0" ind2="s" tag="974"><subfield code="F">050</subfield><subfield code="A">a|a|||||||||||</subfield></datafield><datafield ind1="0" ind2="s" tag="974"><subfield code="F">051</subfield><subfield code="A">||||||||</subfield></datafield><datafield ind1="2" ind2=" " tag="980"><subfield code="a">ITM</subfield><subfield code="b">2703998</subfield><subfield code="l">UBG50</subfield><subfield code="v">LKR</subfield><subfield code="9">LOCAL</subfield></datafield></record>