<record><leader>01201nam#a2200361#cc4500</leader><controlfield tag="001">990026823410203339</controlfield><controlfield tag="003">AT-OBV</controlfield><controlfield tag="005">20171114173900.0</controlfield><controlfield tag="007">tu</controlfield><controlfield tag="008">071107|1952####xxu###########|||#|#eng#u</controlfield><controlfield tag="009">AC06408685</controlfield><datafield ind1=" " ind2=" " tag="035"><subfield code="a">AC06408685</subfield></datafield><datafield ind1=" " ind2=" " tag="035"><subfield code="a">(AT-OBV)AC06408685</subfield></datafield><datafield ind1=" " ind2=" " tag="035"><subfield code="a">(Aleph)006222549ACC01</subfield></datafield><datafield ind1=" " ind2=" " tag="035"><subfield code="a">(DE-599)OBVAC06408685</subfield></datafield><datafield ind1=" " ind2=" " tag="035"><subfield code="a">(EXLNZ-43ACC_NETWORK)990062225490203331</subfield></datafield><datafield ind1=" " ind2=" " tag="040"><subfield code="a">UBW</subfield><subfield code="b">ger</subfield><subfield code="d">UBG</subfield><subfield code="e">rakwb</subfield></datafield><datafield ind1=" " ind2=" " tag="041"><subfield code="a">eng</subfield></datafield><datafield ind1=" " ind2=" " tag="044"><subfield code="c">XD-US</subfield></datafield><datafield ind1="1" ind2=" " tag="100"><subfield code="a">Hambly, Wilfrid D.</subfield><subfield code="d">1886-1962</subfield><subfield code="0">(DE-588)1024661369</subfield><subfield code="4">aut</subfield><subfield code="9">O:H</subfield></datafield><datafield ind1="0" ind2="0" tag="245"><subfield code="a">Source book for African anthropology</subfield><subfield code="n">Suppl.</subfield><subfield code="p">Bibliography of African anthropology 1937 - 1949</subfield><subfield code="c">by Wilfrid D. Hambly. Paul S. Martin ed.</subfield></datafield><datafield ind1=" " ind2="1" tag="264"><subfield code="a">Chicago, Ill.</subfield><subfield code="b">Field Museum of Natural History</subfield><subfield code="c">1952</subfield></datafield><datafield ind1=" " ind2=" " tag="300"><subfield code="a">S. 155 - 292</subfield></datafield><datafield ind1="1" ind2=" " tag="490"><subfield code="a">Fieldiana : Anthropology</subfield><subfield code="v">37,2</subfield></datafield><datafield ind1="1" ind2=" " tag="700"><subfield code="a">Martin, Paul S.</subfield><subfield code="d">1899-1974</subfield><subfield code="0">(DE-588)141690976</subfield><subfield code="4">edt</subfield><subfield code="9">O:H</subfield></datafield><datafield ind1="0" ind2="8" tag="773"><subfield code="w">(AT-OBV)AC02957944</subfield><subfield code="q">S</subfield></datafield><datafield ind1="1" ind2="8" tag="773"><subfield code="w">(AT-OBV)AC00370195</subfield><subfield code="g">no:37</subfield><subfield code="9">LOCAL</subfield></datafield><datafield ind1=" " ind2="0" tag="830"><subfield code="w">(AT-OBV)AC00370195</subfield><subfield code="v">37,2</subfield><subfield code="9">O:1</subfield></datafield><datafield ind1="0" ind2=" " tag="970"><subfield code="a">UBW-RETRO</subfield></datafield><datafield ind1="0" ind2="s" tag="974"><subfield code="F">030</subfield><subfield code="A">a|1ucr|||||||</subfield></datafield><datafield ind1="0" ind2="s" tag="974"><subfield code="F">050</subfield><subfield code="A">a|a|||||||||||</subfield></datafield><datafield ind1="0" ind2="s" tag="974"><subfield code="F">051</subfield><subfield code="A">||||||||</subfield></datafield><datafield ind1="2" ind2=" " tag="980"><subfield code="a">37</subfield><subfield code="9">LOCAL</subfield></datafield></record>