<record><leader>02053nam#a2200565zcb4500</leader><controlfield tag="001">990026882580203339</controlfield><controlfield tag="003">AT-OBV</controlfield><controlfield tag="005">20180126072300.0</controlfield><controlfield tag="007">tu</controlfield><controlfield tag="008">891006|1989####gw############|||#|#ger#u</controlfield><controlfield tag="009">AC00047248</controlfield><datafield ind1=" " ind2=" " tag="015"><subfield code="a">89,A34,1005</subfield><subfield code="2">dnb</subfield></datafield><datafield ind1=" " ind2=" " tag="020"><subfield code="a">3533040674</subfield></datafield><datafield ind1=" " ind2=" " tag="035"><subfield code="a">AC00047248</subfield></datafield><datafield ind1=" " ind2=" " tag="035"><subfield code="a">(AT-OBV)AC00047248</subfield></datafield><datafield ind1=" " ind2=" " tag="035"><subfield code="a">(Aleph)000251220ACC01</subfield></datafield><datafield ind1=" " ind2=" " tag="035"><subfield code="a">(EXLNZ-43ACC_NETWORK)990002512200203331</subfield></datafield><datafield ind1=" " ind2=" " tag="040"><subfield code="a">UBW</subfield><subfield code="b">ger</subfield><subfield code="e">rakwb</subfield></datafield><datafield ind1=" " ind2=" " tag="041"><subfield code="a">ger</subfield></datafield><datafield ind1=" " ind2=" " tag="044"><subfield code="c">XA-DE</subfield></datafield><datafield ind1=" " ind2=" " tag="084"><subfield code="a">17.83</subfield><subfield code="2">bkl</subfield><subfield code="9">O: Automatisch aus GBV_2011-10 2012-04-23</subfield></datafield><datafield ind1=" " ind2=" " tag="084"><subfield code="a">18.10</subfield><subfield code="2">bkl</subfield><subfield code="9">O: Automatisch aus GBV_2011-10 2012-04-23</subfield></datafield><datafield ind1=" " ind2=" " tag="084"><subfield code="a">GK 4680</subfield><subfield code="2">rvk</subfield><subfield code="9">O: Automatisch aus BVB_2013-06 2013-03-07</subfield></datafield><datafield ind1=" " ind2=" " tag="084"><subfield code="a">GK 4001</subfield><subfield code="2">rvk</subfield><subfield code="9">O: Automatisch aus BVB_2013-06 2013-03-07</subfield></datafield><datafield ind1="1" ind2=" " tag="100"><subfield code="a">Hommel, Hildebrecht</subfield><subfield code="4">aut</subfield></datafield><datafield ind1="1" ind2="0" tag="243"><subfield code="a">Sammlung</subfield></datafield><datafield ind1="0" ind2="0" tag="245"><subfield code="a">Goethestudien</subfield><subfield code="b">vorgelegt am 12. November 1988</subfield></datafield><datafield ind1=" " ind2="1" tag="264"><subfield code="a">Heidelberg</subfield><subfield code="b">Winter</subfield><subfield code="c">1989</subfield></datafield><datafield ind1=" " ind2=" " tag="300"><subfield code="a">89 S.</subfield><subfield code="b">Ill.</subfield></datafield><datafield ind1="1" ind2=" " tag="490"><subfield code="a">Abhandlungen der Heidelberger Akademie der Wissenschaften, Philosophisch-Historische Klasse</subfield><subfield code="v">1989,1</subfield></datafield><datafield ind1=" " ind2=" " tag="500"><subfield code="a">Literaturangaben</subfield></datafield><datafield ind1="2" ind2="0" tag="610"><subfield code="a">Goethe, Johann Wolfgang von</subfield><subfield code="a">Criticism and interpretation</subfield><subfield code="z">Automatisch aus GBV_2011-10 2012-04-23</subfield></datafield><datafield ind1="0" ind2="0" tag="689"><subfield code="a">Goethe, Johann Wolfgang &lt;&lt;von&gt;&gt;</subfield><subfield code="d">1749-1832</subfield><subfield code="D">p</subfield><subfield code="0">(DE-588)118540238</subfield></datafield><datafield ind1="0" ind2="1" tag="689"><subfield code="a">Latein</subfield><subfield code="D">s</subfield><subfield code="0">(DE-588)4114364-4</subfield></datafield><datafield ind1="0" ind2="2" tag="689"><subfield code="a">Lyrik</subfield><subfield code="D">s</subfield><subfield code="0">(DE-588)4036774-5</subfield></datafield><datafield ind1="0" ind2="3" tag="689"><subfield code="a">Aufsatzsammlung</subfield><subfield code="A">f</subfield></datafield><datafield ind1="0" ind2=" " tag="689"><subfield code="5">AT-OBV</subfield><subfield code="5">UBW</subfield></datafield><datafield ind1="1" ind2="0" tag="689"><subfield code="a">Goethe, Johann Wolfgang &lt;&lt;von&gt;&gt;</subfield><subfield code="d">1749-1832</subfield><subfield code="D">p</subfield><subfield code="0">(DE-588)118540238</subfield></datafield><datafield ind1="1" ind2="1" tag="689"><subfield code="a">Aufsatzsammlung</subfield><subfield code="A">f</subfield></datafield><datafield ind1="1" ind2=" " tag="689"><subfield code="5">AT-OBV</subfield><subfield code="5">ONB-PI</subfield></datafield><datafield ind1="2" ind2="0" tag="689"><subfield code="a">Goethe, Johann Wolfgang &lt;&lt;von&gt;&gt;</subfield><subfield code="d">1749-1832</subfield><subfield code="D">p</subfield><subfield code="0">(DE-588)118540238</subfield></datafield><datafield ind1="2" ind2="1" tag="689"><subfield code="a">Horatius Flaccus, Quintus</subfield><subfield code="d">v65-v8</subfield><subfield code="D">p</subfield><subfield code="0">(DE-588)118553569</subfield></datafield><datafield ind1="2" ind2=" " tag="689"><subfield code="5">AT-OBV</subfield><subfield code="5">ONB-PI</subfield></datafield><datafield ind1="1" ind2="8" tag="773"><subfield code="w">(AT-OBV)AC00036225</subfield><subfield code="g">no:1989</subfield><subfield code="9">LOCAL</subfield></datafield><datafield ind1=" " ind2="0" tag="830"><subfield code="w">(AT-OBV)AC00036225</subfield><subfield code="v">1989,1</subfield><subfield code="9">O:1</subfield></datafield><datafield ind1="0" ind2="s" tag="974"><subfield code="F">030</subfield><subfield code="A">z|1dcr|||||17</subfield></datafield><datafield ind1="0" ind2="s" tag="974"><subfield code="F">050</subfield><subfield code="A">a|a|||||||||||</subfield></datafield><datafield ind1="0" ind2="s" tag="974"><subfield code="F">051</subfield><subfield code="A">s||||||</subfield></datafield><datafield ind1="0" ind2="u" tag="974"><subfield code="V">903</subfield><subfield code="a">2134</subfield><subfield code="a">3214</subfield></datafield><datafield ind1="2" ind2=" " tag="980"><subfield code="a">1989</subfield><subfield code="9">LOCAL</subfield></datafield></record>