<record><leader>01246nam#a2200349zcc4500</leader><controlfield tag="001">990027161430203339</controlfield><controlfield tag="003">AT-OBV</controlfield><controlfield tag="005">20180224072100.0</controlfield><controlfield tag="007">tu</controlfield><controlfield tag="008">990519|1986####fr############|||#|#fre#u</controlfield><controlfield tag="009">AC02541576</controlfield><datafield ind1=" " ind2=" " tag="020"><subfield code="a">2711802914</subfield></datafield><datafield ind1=" " ind2=" " tag="035"><subfield code="a">AC02541576</subfield></datafield><datafield ind1=" " ind2=" " tag="035"><subfield code="a">(AT-OBV)AC02541576</subfield></datafield><datafield ind1=" " ind2=" " tag="035"><subfield code="a">(Aleph)002540786ACC01</subfield></datafield><datafield ind1=" " ind2=" " tag="035"><subfield code="a">(DE-599)OBVAC02541576</subfield></datafield><datafield ind1=" " ind2=" " tag="035"><subfield code="a">(EXLNZ-43ACC_NETWORK)990025407860203331</subfield></datafield><datafield ind1=" " ind2=" " tag="040"><subfield code="a">UBW</subfield><subfield code="b">ger</subfield><subfield code="d">OAI</subfield><subfield code="e">rakwb</subfield></datafield><datafield ind1=" " ind2=" " tag="041"><subfield code="a">fre</subfield></datafield><datafield ind1=" " ind2=" " tag="044"><subfield code="c">XA-FR</subfield></datafield><datafield ind1="0" ind2="0" tag="245"><subfield code="a">Catalogue raisonné des figurines et reliefs en terre-cuite grecs, étrusques et romains</subfield><subfield code="n">4,1. Époques hellénistique et romaine: Italie méridionale, Sicile, Sardaigne, [2]</subfield><subfield code="p">Illustrations</subfield><subfield code="c">Musée du Louvre. Par Simone Mollard-Besques</subfield></datafield><datafield ind1=" " ind2="1" tag="264"><subfield code="a">Paris</subfield><subfield code="b">Éd. de la Réunion des Musées Nationaux</subfield><subfield code="c">1986</subfield></datafield><datafield ind1=" " ind2=" " tag="300"><subfield code="a">165 S.</subfield><subfield code="b">nur Ill.</subfield></datafield><datafield ind1="1" ind2=" " tag="700"><subfield code="a">Besques, Simone</subfield><subfield code="4">ctb</subfield></datafield><datafield ind1="1" ind2=" " tag="700"><subfield code="a">Besques, Simone</subfield><subfield code="d">1908-2001</subfield><subfield code="0">(DE-588)124411703</subfield><subfield code="4">ctb</subfield><subfield code="9">O:H</subfield></datafield><datafield ind1="2" ind2=" " tag="710"><subfield code="a">Musée du Louvre</subfield><subfield code="0">(DE-588)1006837-5</subfield><subfield code="4">ctb</subfield><subfield code="9">O:H</subfield></datafield><datafield ind1="0" ind2="8" tag="773"><subfield code="w">(AT-OBV)AC02351205</subfield></datafield><datafield ind1="1" ind2="8" tag="773"><subfield code="w">990027134470203339</subfield><subfield code="g">no:LKR</subfield><subfield code="9">LOCAL</subfield></datafield><datafield ind1="1" ind2=" " tag="970"><subfield code="c">55</subfield></datafield><datafield ind1="0" ind2="s" tag="974"><subfield code="F">030</subfield><subfield code="A">z|1dcr|||||||</subfield></datafield><datafield ind1="0" ind2="s" tag="974"><subfield code="F">050</subfield><subfield code="A">a|a|||||||||||</subfield></datafield><datafield ind1="2" ind2=" " tag="980"><subfield code="a">ITM</subfield><subfield code="b">2740639</subfield><subfield code="l">UBG50</subfield><subfield code="v">LKR</subfield><subfield code="9">LOCAL</subfield></datafield></record>