<record><leader>00902nam#a2200325#cc4500</leader><controlfield tag="001">990027297530203339</controlfield><controlfield tag="003">AT-OBV</controlfield><controlfield tag="005">20180224072100.0</controlfield><controlfield tag="007">tu</controlfield><controlfield tag="008">141023|1871####fr############|||#|#fre#u</controlfield><controlfield tag="009">AC12072317</controlfield><datafield ind1=" " ind2=" " tag="035"><subfield code="a">AC12072317</subfield></datafield><datafield ind1=" " ind2=" " tag="035"><subfield code="a">(AT-OBV)AC12072317</subfield></datafield><datafield ind1=" " ind2=" " tag="035"><subfield code="a">(Aleph)011918718ACC01</subfield></datafield><datafield ind1=" " ind2=" " tag="035"><subfield code="a">(DE-599)OBVAC12072317</subfield></datafield><datafield ind1=" " ind2=" " tag="035"><subfield code="a">(EXLNZ-43ACC_NETWORK)990119187180203331</subfield></datafield><datafield ind1=" " ind2=" " tag="040"><subfield code="a">UBG</subfield><subfield code="b">ger</subfield><subfield code="e">rakwb</subfield></datafield><datafield ind1=" " ind2=" " tag="041"><subfield code="a">fre</subfield></datafield><datafield ind1=" " ind2=" " tag="044"><subfield code="c">XA-FR</subfield></datafield><datafield ind1="1" ind2=" " tag="100"><subfield code="a">Sand, George</subfield><subfield code="d">1804-1876</subfield><subfield code="0">(DE-588)118605348</subfield><subfield code="4">aut</subfield><subfield code="9">O:H</subfield></datafield><datafield ind1="0" ind2="0" tag="245"><subfield code="a">Césarine Dietrich</subfield><subfield code="n">3</subfield><subfield code="c">par George Sand</subfield></datafield><datafield ind1=" " ind2="1" tag="264"><subfield code="a">Paris</subfield><subfield code="b">Paetz</subfield><subfield code="c">1871</subfield></datafield><datafield ind1=" " ind2=" " tag="300"><subfield code="a">133 S.</subfield></datafield><datafield ind1="0" ind2="8" tag="773"><subfield code="w">(AT-OBV)AC12072296</subfield><subfield code="q">3</subfield></datafield><datafield ind1="1" ind2="8" tag="773"><subfield code="w">990027297470203339</subfield><subfield code="g">no:LKR</subfield><subfield code="9">LOCAL</subfield></datafield><datafield ind1="1" ind2=" " tag="970"><subfield code="c">18</subfield></datafield><datafield ind1="0" ind2="s" tag="974"><subfield code="F">030</subfield><subfield code="A">a|1ucr|||||||</subfield></datafield><datafield ind1="0" ind2="s" tag="974"><subfield code="F">050</subfield><subfield code="A">a|a|||||||||||</subfield></datafield><datafield ind1="0" ind2="s" tag="974"><subfield code="F">051</subfield><subfield code="A">||||||||</subfield></datafield><datafield ind1="2" ind2=" " tag="980"><subfield code="a">ITM</subfield><subfield code="b">2753841</subfield><subfield code="l">UBG50</subfield><subfield code="v">LKR</subfield><subfield code="9">LOCAL</subfield></datafield></record>