<record><leader>01340nam#a2200445#cb4500</leader><controlfield tag="001">990027014630203339</controlfield><controlfield tag="003">AT-OBV</controlfield><controlfield tag="005">20171115104400.0</controlfield><controlfield tag="007">tu</controlfield><controlfield tag="008">130710|2013####fr############|||#|#mul#u</controlfield><controlfield tag="009">AC10899392</controlfield><datafield ind1="7" ind2=" " tag="016"><subfield code="a">847065526</subfield><subfield code="2">OCoLC</subfield></datafield><datafield ind1=" " ind2=" " tag="020"><subfield code="a">9782720011931</subfield></datafield><datafield ind1=" " ind2=" " tag="035"><subfield code="a">AC10899392</subfield></datafield><datafield ind1=" " ind2=" " tag="035"><subfield code="a">(AT-OBV)AC10899392</subfield></datafield><datafield ind1=" " ind2=" " tag="035"><subfield code="a">(Aleph)010885578ACC01</subfield></datafield><datafield ind1=" " ind2=" " tag="035"><subfield code="a">(DE-599)BSZ382418468</subfield></datafield><datafield ind1=" " ind2=" " tag="035"><subfield code="a">(EXLNZ-43ACC_NETWORK)990108855780203331</subfield></datafield><datafield ind1=" " ind2=" " tag="040"><subfield code="a">UBW</subfield><subfield code="b">ger</subfield><subfield code="c">BSZ</subfield><subfield code="d">ONB</subfield></datafield><datafield ind1=" " ind2=" " tag="041"><subfield code="a">mul</subfield></datafield><datafield ind1=" " ind2=" " tag="044"><subfield code="c">XA-FR</subfield></datafield><datafield ind1="0" ind2="4" tag="082"><subfield code="a">935</subfield><subfield code="q">UBW</subfield><subfield code="2">22/ger</subfield></datafield><datafield ind1="0" ind2="0" tag="245"><subfield code="a">Études archéologiques, épigraphiques et philologiques</subfield><subfield code="c">éd. par Michael Langlois</subfield></datafield><datafield ind1=" " ind2="1" tag="264"><subfield code="a">Paris</subfield><subfield code="b">Librairie d'Amérique et d'Orient Maisonneuve</subfield><subfield code="c">2013</subfield></datafield><datafield ind1=" " ind2=" " tag="300"><subfield code="a">186 S.</subfield><subfield code="b">zahlr. Ill., Kt.</subfield><subfield code="c">24 cm</subfield></datafield><datafield ind1="1" ind2=" " tag="490"><subfield code="a">Semitica</subfield><subfield code="v">55</subfield></datafield><datafield ind1=" " ind2=" " tag="546"><subfield code="a">Beitr. teilw. franz., teilw. engl.</subfield></datafield><datafield ind1="0" ind2="0" tag="689"><subfield code="a">Mesopotamien</subfield><subfield code="D">g</subfield><subfield code="0">(DE-588)4038788-4</subfield></datafield><datafield ind1="0" ind2="1" tag="689"><subfield code="a">Geschichte</subfield><subfield code="A">z</subfield></datafield><datafield ind1="0" ind2="2" tag="689"><subfield code="a">Aufsatzsammlung</subfield><subfield code="A">f</subfield></datafield><datafield ind1="0" ind2=" " tag="689"><subfield code="5">AT-OBV</subfield><subfield code="5">UBWS11</subfield></datafield><datafield ind1="1" ind2=" " tag="700"><subfield code="a">Langlois, Michae͏̈l</subfield><subfield code="d">1976-</subfield><subfield code="0">(DE-588)137273398</subfield><subfield code="4">edt</subfield></datafield><datafield ind1="1" ind2="8" tag="773"><subfield code="w">(AT-OBV)AC00176005</subfield><subfield code="g">no:55</subfield><subfield code="9">LOCAL</subfield></datafield><datafield ind1=" " ind2="0" tag="830"><subfield code="w">(AT-OBV)AC00176005</subfield><subfield code="v">55</subfield><subfield code="9">O:1</subfield></datafield><datafield ind1="1" ind2=" " tag="970"><subfield code="c">22</subfield></datafield><datafield ind1="4" ind2=" " tag="970"><subfield code="b">SWB</subfield></datafield><datafield ind1="0" ind2="s" tag="974"><subfield code="F">030</subfield><subfield code="A">a|5z|||z|||37</subfield></datafield><datafield ind1="0" ind2="s" tag="974"><subfield code="F">050</subfield><subfield code="A">a|||||||||||||</subfield></datafield><datafield ind1="0" ind2="s" tag="974"><subfield code="F">051</subfield><subfield code="A">s|||||||</subfield></datafield><datafield ind1="2" ind2=" " tag="980"><subfield code="a">55</subfield><subfield code="9">LOCAL</subfield></datafield></record>