<record><leader>01678nam#a2200493#cb4500</leader><controlfield tag="001">990027556470203339</controlfield><controlfield tag="003">AT-OBV</controlfield><controlfield tag="005">20171115133900.0</controlfield><controlfield tag="007">tu</controlfield><controlfield tag="008">150324|2014####au############|||#|#ger#u</controlfield><controlfield tag="009">AC12224110</controlfield><datafield ind1=" " ind2=" " tag="015"><subfield code="a">OeB2015,A,11 940</subfield><subfield code="2">oeb</subfield></datafield><datafield ind1=" " ind2=" " tag="020"><subfield code="a">9783706553353</subfield><subfield code="c">kart. : EUR 28,00 ; CHF 38,50</subfield></datafield><datafield ind1=" " ind2=" " tag="035"><subfield code="a">AC12224110</subfield></datafield><datafield ind1=" " ind2=" " tag="035"><subfield code="a">(AT-OBV)AC12224110</subfield></datafield><datafield ind1=" " ind2=" " tag="035"><subfield code="a">(Aleph)012113035ACC01</subfield></datafield><datafield ind1=" " ind2=" " tag="035"><subfield code="a">(DE-599)OBVAC12224110</subfield></datafield><datafield ind1=" " ind2=" " tag="035"><subfield code="a">(EXLNZ-43ACC_NETWORK)990121130350203331</subfield></datafield><datafield ind1=" " ind2=" " tag="040"><subfield code="a">ONB</subfield><subfield code="b">ger</subfield><subfield code="d">UBL</subfield><subfield code="e">rakwb</subfield></datafield><datafield ind1=" " ind2=" " tag="041"><subfield code="a">ger</subfield><subfield code="a">eng</subfield></datafield><datafield ind1=" " ind2=" " tag="044"><subfield code="c">XA-AT</subfield></datafield><datafield ind1=" " ind2=" " tag="084"><subfield code="a">NB 5100</subfield><subfield code="2">rvk</subfield></datafield><datafield ind1="0" ind2="0" tag="245"><subfield code="a">&lt;&lt;Die&gt;&gt; "Stämme” der Akademie</subfield><subfield code="b"> = "Tribes” in academe</subfield><subfield code="c">hrsg. von Albert Müller</subfield></datafield><datafield ind1="1" ind2="1" tag="246"><subfield code="a">"Tribes” in academe</subfield></datafield><datafield ind1="3" ind2=" " tag="246"><subfield code="a">&lt;&lt;Die&gt;&gt; Stämme der Akademie</subfield></datafield><datafield ind1="1" ind2="0" tag="246"><subfield code="a">Stämme Tribes</subfield></datafield><datafield ind1=" " ind2="1" tag="264"><subfield code="a">Innsbruck</subfield><subfield code="b">StudienVerl.</subfield><subfield code="c">2014</subfield></datafield><datafield ind1=" " ind2=" " tag="300"><subfield code="a">247 S.</subfield><subfield code="b">graph. Darst.</subfield><subfield code="c">24 cm</subfield></datafield><datafield ind1="1" ind2=" " tag="490"><subfield code="a">Österreichische Zeitschrift für Geschichtswissenschaften</subfield><subfield code="v">25.2014,3</subfield></datafield><datafield ind1=" " ind2=" " tag="500"><subfield code="a">Literaturangaben</subfield></datafield><datafield ind1=" " ind2=" " tag="546"><subfield code="a">Beitr. teilw. dt., teilw. engl. - Zsfassungen in engl. Sprache</subfield></datafield><datafield ind1=" " ind2=" " tag="591"><subfield code="a">370 gesetzt aufgrund Suchbarkeit in OPAC</subfield></datafield><datafield ind1="0" ind2="0" tag="689"><subfield code="a">Wissenschaftsforschung</subfield><subfield code="D">s</subfield><subfield code="0">(DE-588)4129377-0</subfield></datafield><datafield ind1="0" ind2="1" tag="689"><subfield code="a">Aufsatzsammlung</subfield><subfield code="A">f</subfield></datafield><datafield ind1="0" ind2=" " tag="689"><subfield code="5">AT-OBV</subfield><subfield code="5">FHJGMO</subfield></datafield><datafield ind1="1" ind2=" " tag="700"><subfield code="a">Müller, Albert</subfield><subfield code="4">edt</subfield></datafield><datafield ind1="1" ind2="8" tag="773"><subfield code="w">(AT-OBV)AC00337486</subfield><subfield code="g">no:25,3</subfield><subfield code="9">LOCAL</subfield></datafield><datafield ind1=" " ind2="0" tag="830"><subfield code="w">(AT-OBV)AC00337486</subfield><subfield code="v">25,3</subfield><subfield code="9">O:1</subfield></datafield><datafield ind1="4" ind2="2" tag="856"><subfield code="q">application/pdf</subfield><subfield code="u">http://media.obvsg.at/AC12224110-1001</subfield><subfield code="x">PAR</subfield><subfield code="3">Inhaltsverzeichnis</subfield><subfield code="o">OBV-EDOC</subfield></datafield><datafield ind1="1" ind2=" " tag="970"><subfield code="c">54</subfield></datafield><datafield ind1="0" ind2="s" tag="974"><subfield code="F">030</subfield><subfield code="A">a|1ucr|||||37</subfield></datafield><datafield ind1="0" ind2="s" tag="974"><subfield code="F">050</subfield><subfield code="A">a|a|||||||||||</subfield></datafield><datafield ind1="0" ind2="s" tag="974"><subfield code="F">051</subfield><subfield code="A">s|||||||</subfield></datafield><datafield ind1="2" ind2=" " tag="980"><subfield code="a">25,3</subfield><subfield code="9">LOCAL</subfield></datafield></record>