<record><leader>01405nam#a2200445#cb4500</leader><controlfield tag="001">990027538060203339</controlfield><controlfield tag="003">AT-OBV</controlfield><controlfield tag="005">20171115000600.0</controlfield><controlfield tag="007">tu</controlfield><controlfield tag="008">100728|1904####xxu###########|||#|#eng#u</controlfield><controlfield tag="009">AC08185288</controlfield><datafield ind1="7" ind2=" " tag="016"><subfield code="a">00763837x</subfield><subfield code="2">XX-XxUND</subfield></datafield><datafield ind1=" " ind2=" " tag="035"><subfield code="a">AC08185288</subfield></datafield><datafield ind1=" " ind2=" " tag="035"><subfield code="a">(AT-OBV)AC08185288</subfield></datafield><datafield ind1=" " ind2=" " tag="035"><subfield code="a">(Aleph)008142365ACC01</subfield></datafield><datafield ind1=" " ind2=" " tag="035"><subfield code="a">(DE-599)GBV137271565</subfield></datafield><datafield ind1=" " ind2=" " tag="035"><subfield code="a">(DE-601)137271565</subfield></datafield><datafield ind1=" " ind2=" " tag="035"><subfield code="a">(EXLNZ-43ACC_NETWORK)990081423650203331</subfield></datafield><datafield ind1=" " ind2=" " tag="040"><subfield code="a">OAW</subfield><subfield code="b">ger</subfield><subfield code="c">GBV</subfield></datafield><datafield ind1=" " ind2=" " tag="041"><subfield code="a">eng</subfield></datafield><datafield ind1=" " ind2=" " tag="044"><subfield code="c">XD-US</subfield></datafield><datafield ind1=" " ind2="4" tag="050"><subfield code="a">DA522.P6</subfield></datafield><datafield ind1="0" ind2=" " tag="082"><subfield code="a">942.07</subfield><subfield code="2">n/a</subfield></datafield><datafield ind1="1" ind2=" " tag="100"><subfield code="a">Adams, Ephraim Douglass</subfield><subfield code="d">1865-1930</subfield><subfield code="0">(DE-588)125848633</subfield><subfield code="4">aut</subfield></datafield><datafield ind1="0" ind2="0" tag="245"><subfield code="a">&lt;&lt;The&gt;&gt; influence of Grenville on Pitt's foreign policy</subfield><subfield code="b">1787 - 1798</subfield><subfield code="c">by Ephraim Douglass Adams</subfield></datafield><datafield ind1=" " ind2="1" tag="264"><subfield code="a">Washington</subfield><subfield code="b">Carnegie Inst.</subfield><subfield code="c">1904</subfield></datafield><datafield ind1=" " ind2=" " tag="300"><subfield code="a">79 S.</subfield></datafield><datafield ind1="1" ind2=" " tag="490"><subfield code="a">Publication / Carnegie Institution of Washington</subfield><subfield code="v">13</subfield></datafield><datafield ind1=" " ind2=" " tag="500"><subfield code="a">Literaturverz. S. 75 - 79</subfield></datafield><datafield ind1="1" ind2="4" tag="600"><subfield code="a">Grenville, William Wyndham Grenville, Baron</subfield><subfield code="g">LCSH</subfield></datafield><datafield ind1="1" ind2="4" tag="600"><subfield code="a">Pitt, William</subfield><subfield code="g">LCSH</subfield></datafield><datafield ind1=" " ind2="4" tag="651"><subfield code="a">Great Britain / Foreign relations / 1789-1820</subfield><subfield code="g">LCSH</subfield></datafield><datafield ind1="1" ind2="8" tag="773"><subfield code="w">990027538050203339</subfield><subfield code="g">no:LKR</subfield><subfield code="9">LOCAL</subfield></datafield><datafield ind1=" " ind2="0" tag="830"><subfield code="w">(AT-OBV)AC00260047</subfield><subfield code="v">13</subfield><subfield code="9">O:1</subfield></datafield><datafield ind1="1" ind2=" " tag="970"><subfield code="c">54</subfield></datafield><datafield ind1="4" ind2=" " tag="970"><subfield code="b">GBV</subfield></datafield><datafield ind1="0" ind2="s" tag="974"><subfield code="F">030</subfield><subfield code="A">a|5z|||z|||17</subfield></datafield><datafield ind1="0" ind2="s" tag="974"><subfield code="F">050</subfield><subfield code="A">a|a|||||||||||</subfield></datafield><datafield ind1="0" ind2="s" tag="974"><subfield code="F">051</subfield><subfield code="A">s|||||||</subfield></datafield><datafield ind1="2" ind2=" " tag="980"><subfield code="a">ITM</subfield><subfield code="b">2774799</subfield><subfield code="l">UBG50</subfield><subfield code="v">LKR</subfield><subfield code="9">LOCAL</subfield></datafield></record>