<record><leader>01413nam#a2200433#cb4500</leader><controlfield tag="001">990027698760203339</controlfield><controlfield tag="003">AT-OBV</controlfield><controlfield tag="005">20171114192200.0</controlfield><controlfield tag="007">tu</controlfield><controlfield tag="008">090114|1902####xx############|||#|#ger#u</controlfield><controlfield tag="009">AC07147227</controlfield><datafield ind1=" " ind2=" " tag="035"><subfield code="a">AC07147227</subfield></datafield><datafield ind1=" " ind2=" " tag="035"><subfield code="a">(AT-OBV)AC07147227</subfield></datafield><datafield ind1=" " ind2=" " tag="035"><subfield code="a">(Aleph)007215646ACC01</subfield></datafield><datafield ind1=" " ind2=" " tag="035"><subfield code="a">(DE-599)BVBBV003103220</subfield></datafield><datafield ind1=" " ind2=" " tag="035"><subfield code="a">(DE-604)031032206</subfield></datafield><datafield ind1=" " ind2=" " tag="035"><subfield code="a">(EXLNZ-43ACC_NETWORK)990072156460203331</subfield></datafield><datafield ind1=" " ind2=" " tag="040"><subfield code="a">UBS</subfield><subfield code="b">ger</subfield><subfield code="c">BAY</subfield><subfield code="d">ONB</subfield><subfield code="e">rakddb</subfield></datafield><datafield ind1=" " ind2=" " tag="041"><subfield code="a">ger</subfield></datafield><datafield ind1=" " ind2=" " tag="044"><subfield code="c">XA-DXDE</subfield></datafield><datafield ind1=" " ind2=" " tag="084"><subfield code="a">G:gr</subfield><subfield code="q">DE-101</subfield><subfield code="2">sdnb</subfield></datafield><datafield ind1=" " ind2=" " tag="084"><subfield code="a">11.51</subfield><subfield code="2">bkl</subfield><subfield code="9">O: Automatisch generiert aus Konkordanz RVK-BK-Theologie</subfield></datafield><datafield ind1=" " ind2=" " tag="084"><subfield code="a">BO 2060</subfield><subfield code="2">rvk</subfield></datafield><datafield ind1="1" ind2=" " tag="100"><subfield code="a">Sickenberger, Joseph</subfield><subfield code="d">1872-1945</subfield><subfield code="0">(DE-588)117337048</subfield><subfield code="4">aut</subfield></datafield><datafield ind1="0" ind2="0" tag="245"><subfield code="a">&lt;&lt;Die&gt;&gt; Lukaskatene des Niketas von Herakleia</subfield><subfield code="c">untersucht von Joseph Sickenberger</subfield></datafield><datafield ind1=" " ind2="1" tag="264"><subfield code="a">Leipzig</subfield><subfield code="b">Hinrichs</subfield><subfield code="c">1902</subfield></datafield><datafield ind1=" " ind2=" " tag="300"><subfield code="a">V, 118 S.</subfield><subfield code="b">graph. Darst.</subfield></datafield><datafield ind1="1" ind2=" " tag="490"><subfield code="a">Texte und Untersuchungen zur Geschichte der altchristlichen Literatur</subfield><subfield code="v">22,4 = N.F.,7,4</subfield></datafield><datafield ind1=" " ind2=" " tag="546"><subfield code="a">Text teilw. griech.</subfield></datafield><datafield ind1="0" ind2="0" tag="689"><subfield code="a">Niketas &lt;von Herakleia&gt;</subfield><subfield code="A">f</subfield></datafield><datafield ind1="0" ind2="1" tag="689"><subfield code="a">Lukaskatene</subfield><subfield code="A">f</subfield></datafield><datafield ind1="1" ind2="8" tag="773"><subfield code="w">990027698560203339</subfield><subfield code="g">no:LKR</subfield><subfield code="9">LOCAL</subfield></datafield><datafield ind1=" " ind2="0" tag="830"><subfield code="w">(AT-OBV)AC00057631</subfield><subfield code="v">22,4</subfield><subfield code="9">O:1</subfield></datafield><datafield ind1="1" ind2=" " tag="970"><subfield code="c">06</subfield></datafield><datafield ind1="0" ind2="s" tag="974"><subfield code="F">030</subfield><subfield code="A">a|1dazzz|||17</subfield></datafield><datafield ind1="0" ind2="s" tag="974"><subfield code="F">050</subfield><subfield code="A">a|a|||||||||||</subfield></datafield><datafield ind1="0" ind2="s" tag="974"><subfield code="F">051</subfield><subfield code="A">s|||||||</subfield></datafield><datafield ind1="0" ind2="u" tag="974"><subfield code="V">903</subfield><subfield code="a">21</subfield></datafield><datafield ind1="2" ind2=" " tag="980"><subfield code="a">ITM</subfield><subfield code="b">2790751</subfield><subfield code="l">UBG50</subfield><subfield code="v">LKR</subfield><subfield code="9">LOCAL</subfield></datafield></record>