<record><leader>01246nam#a2200385#cb4500</leader><controlfield tag="001">990027737600203339</controlfield><controlfield tag="003">AT-OBV</controlfield><controlfield tag="005">20171114162600.0</controlfield><controlfield tag="007">tu</controlfield><controlfield tag="008">070418|1910####xx############|||#|#ger#u</controlfield><controlfield tag="009">AC05920884</controlfield><datafield ind1=" " ind2=" " tag="035"><subfield code="a">AC05920884</subfield></datafield><datafield ind1=" " ind2=" " tag="035"><subfield code="a">(AT-OBV)AC05920884</subfield></datafield><datafield ind1=" " ind2=" " tag="035"><subfield code="a">(Aleph)005854041ACC01</subfield></datafield><datafield ind1=" " ind2=" " tag="035"><subfield code="a">(DE-599)OBVAC05920884</subfield></datafield><datafield ind1=" " ind2=" " tag="035"><subfield code="a">(EXLNZ-43ACC_NETWORK)990058540410203331</subfield></datafield><datafield ind1=" " ind2=" " tag="040"><subfield code="a">JMW</subfield><subfield code="b">ger</subfield><subfield code="d">UBS</subfield><subfield code="e">rakwb</subfield></datafield><datafield ind1=" " ind2=" " tag="041"><subfield code="a">ger</subfield></datafield><datafield ind1=" " ind2=" " tag="044"><subfield code="c">XA-DXDE</subfield></datafield><datafield ind1="1" ind2=" " tag="100"><subfield code="a">Weiss, Bernhard</subfield><subfield code="d">1827-1918</subfield><subfield code="0">(DE-588)119018195</subfield><subfield code="4">aut</subfield></datafield><datafield ind1="0" ind2="0" tag="245"><subfield code="a">&lt;&lt;Der&gt;&gt; Hebräerbrief in zeitgeschichtlicher Beleuchtung</subfield><subfield code="c">von Bernhard Weiss</subfield></datafield><datafield ind1=" " ind2="1" tag="264"><subfield code="a">Leipzig</subfield><subfield code="b">Hinrich</subfield><subfield code="c">1910</subfield></datafield><datafield ind1=" " ind2=" " tag="300"><subfield code="a">109 S.</subfield></datafield><datafield ind1="1" ind2=" " tag="490"><subfield code="a">Texte und Untersuchungen zur Geschichte der altchristlichen Literatur</subfield><subfield code="v">35,3 = R. 3, Bd. 5, H. 3</subfield></datafield><datafield ind1="0" ind2="0" tag="689"><subfield code="a">Paulus</subfield><subfield code="c">Apostel, Heiliger</subfield><subfield code="D">p</subfield><subfield code="0">(DE-588)118641549</subfield></datafield><datafield ind1="0" ind2="1" tag="689"><subfield code="a">Briefsammlung</subfield><subfield code="A">f</subfield></datafield><datafield ind1="0" ind2="2" tag="689"><subfield code="a">Israeliten</subfield><subfield code="D">s</subfield><subfield code="0">(DE-588)4277305-2</subfield></datafield><datafield ind1="0" ind2=" " tag="689"><subfield code="5">AT-OBV</subfield><subfield code="5">ONB-AK</subfield></datafield><datafield ind1="1" ind2="8" tag="773"><subfield code="w">990027737560203339</subfield><subfield code="g">no:LKR</subfield><subfield code="9">LOCAL</subfield></datafield><datafield ind1=" " ind2="0" tag="830"><subfield code="w">(AT-OBV)AC00057631</subfield><subfield code="v">35,3</subfield><subfield code="9">O:1</subfield></datafield><datafield ind1="1" ind2=" " tag="970"><subfield code="c">06</subfield></datafield><datafield ind1="0" ind2="s" tag="974"><subfield code="F">030</subfield><subfield code="A">a|1ucr|||||17</subfield></datafield><datafield ind1="0" ind2="s" tag="974"><subfield code="F">050</subfield><subfield code="A">a|a|||||||||||</subfield></datafield><datafield ind1="0" ind2="s" tag="974"><subfield code="F">051</subfield><subfield code="A">s|||||||</subfield></datafield><datafield ind1="2" ind2=" " tag="980"><subfield code="a">ITM</subfield><subfield code="b">2794354</subfield><subfield code="l">UBG50</subfield><subfield code="v">LKR</subfield><subfield code="9">LOCAL</subfield></datafield></record>