<record><leader>01274nam#a2200361#cc4500</leader><controlfield tag="001">990027795420203339</controlfield><controlfield tag="003">AT-OBV</controlfield><controlfield tag="005">20180224072100.0</controlfield><controlfield tag="007">tu</controlfield><controlfield tag="008">100429|1915####xx############|||#|#ger#u</controlfield><controlfield tag="009">AC08082992</controlfield><datafield ind1=" " ind2=" " tag="035"><subfield code="a">AC08082992</subfield></datafield><datafield ind1=" " ind2=" " tag="035"><subfield code="a">(AT-OBV)AC08082992</subfield></datafield><datafield ind1=" " ind2=" " tag="035"><subfield code="a">(Aleph)007988094ACC01</subfield></datafield><datafield ind1=" " ind2=" " tag="035"><subfield code="a">(DE-599)OBVAC08082992</subfield></datafield><datafield ind1=" " ind2=" " tag="035"><subfield code="a">(EXLNZ-43ACC_NETWORK)990079880940203331</subfield></datafield><datafield ind1=" " ind2=" " tag="040"><subfield code="a">UBS</subfield><subfield code="b">ger</subfield><subfield code="d">UBI</subfield><subfield code="e">rakwb</subfield></datafield><datafield ind1=" " ind2=" " tag="041"><subfield code="a">ger</subfield><subfield code="a">ara</subfield></datafield><datafield ind1=" " ind2=" " tag="044"><subfield code="c">XA-DXDE</subfield></datafield><datafield ind1="1" ind2=" " tag="100"><subfield code="a">Jacob, Georg</subfield><subfield code="d">1862-1937</subfield><subfield code="0">(DE-588)118910825</subfield><subfield code="4">aut</subfield><subfield code="9">O:H</subfield></datafield><datafield ind1="0" ind2="0" tag="245"><subfield code="a">Schanfarà-Studien</subfield><subfield code="n">2. Teil</subfield><subfield code="p">Parallelen und Kommentar zur Lâmîja, Schanfarà-Bibliographie : vorgelegt am 5. Juni 1915</subfield><subfield code="c">von Georg Jacob</subfield></datafield><datafield ind1=" " ind2="1" tag="264"><subfield code="a">München</subfield><subfield code="b">Verl. der Königl. Bayer. Akad. der Wiss.</subfield><subfield code="c">1915</subfield></datafield><datafield ind1=" " ind2=" " tag="300"><subfield code="a">60 S.</subfield></datafield><datafield ind1="1" ind2=" " tag="490"><subfield code="a">Sitzungsberichte der Bayerischen Akademie der Wissenschaften, Philosophisch-Philologische und Historische Klasse</subfield><subfield code="v">1915,4</subfield></datafield><datafield ind1=" " ind2=" " tag="546"><subfield code="b">Teilw. in arab. Schr.</subfield></datafield><datafield ind1="0" ind2="8" tag="773"><subfield code="w">(AT-OBV)AC05746331</subfield><subfield code="q">2</subfield></datafield><datafield ind1="1" ind2="8" tag="773"><subfield code="w">990027795400203339</subfield><subfield code="g">no:LKR</subfield><subfield code="9">LOCAL</subfield></datafield><datafield ind1=" " ind2="0" tag="830"><subfield code="w">(AT-OBV)AC00693173</subfield><subfield code="v">1915,4</subfield><subfield code="9">O:1</subfield></datafield><datafield ind1="1" ind2=" " tag="970"><subfield code="c">22</subfield></datafield><datafield ind1="0" ind2="s" tag="974"><subfield code="F">030</subfield><subfield code="A">a|1ucr|||||||</subfield></datafield><datafield ind1="0" ind2="s" tag="974"><subfield code="F">050</subfield><subfield code="A">a|a|||||||||||</subfield></datafield><datafield ind1="0" ind2="s" tag="974"><subfield code="F">051</subfield><subfield code="A">||||||||</subfield></datafield><datafield ind1="2" ind2=" " tag="980"><subfield code="a">ITM</subfield><subfield code="b">2797061</subfield><subfield code="l">UBG50</subfield><subfield code="v">LKR</subfield><subfield code="9">LOCAL</subfield></datafield></record>