<record><leader>01311nam#a2200361#cc4500</leader><controlfield tag="001">990027878210203339</controlfield><controlfield tag="003">AT-OBV</controlfield><controlfield tag="005">20180224072100.0</controlfield><controlfield tag="007">tu</controlfield><controlfield tag="008">050411|1973####sz############|||#|#ger#u</controlfield><controlfield tag="009">AC04470488</controlfield><datafield ind1=" " ind2=" " tag="020"><subfield code="a">3545504409</subfield></datafield><datafield ind1=" " ind2=" " tag="020"><subfield code="a">3451167352</subfield></datafield><datafield ind1=" " ind2=" " tag="035"><subfield code="a">AC04470488</subfield></datafield><datafield ind1=" " ind2=" " tag="035"><subfield code="a">(AT-OBV)AC04470488</subfield></datafield><datafield ind1=" " ind2=" " tag="035"><subfield code="a">(Aleph)004456589ACC01</subfield></datafield><datafield ind1=" " ind2=" " tag="035"><subfield code="a">(EXLNZ-43ACC_NETWORK)990044565890203331</subfield></datafield><datafield ind1=" " ind2=" " tag="040"><subfield code="a">SPS</subfield><subfield code="b">ger</subfield><subfield code="e">rakwb</subfield></datafield><datafield ind1=" " ind2=" " tag="041"><subfield code="a">ger</subfield></datafield><datafield ind1=" " ind2=" " tag="044"><subfield code="c">XA-CH</subfield></datafield><datafield ind1="0" ind2="0" tag="245"><subfield code="a">Neues Stundenbuch</subfield><subfield code="b">ausgewählte Studientexte für ein künftiges Brevier</subfield><subfield code="n">Ergänzungsheft zu Band 2, [1. Jahresreihe], 5</subfield><subfield code="p">Väterlesungen : Zeit im Jahreskreis ; 10. - 18. Woche</subfield><subfield code="c">hrsg. von den Liturgischen Instituten Salzburg, Trier, Zürich</subfield></datafield><datafield ind1=" " ind2="1" tag="264"><subfield code="a">Einsiedeln, Wien [u.a.]</subfield><subfield code="b">Benziger</subfield><subfield code="b">Herder</subfield><subfield code="c">1973</subfield></datafield><datafield ind1=" " ind2=" " tag="300"><subfield code="a">128 S.</subfield></datafield><datafield ind1="2" ind2=" " tag="710"><subfield code="a">Institutum Liturgicum</subfield><subfield code="g">Salzburg</subfield><subfield code="0">(DE-588)2014416-7</subfield><subfield code="4">ctb</subfield><subfield code="9">O:H</subfield></datafield><datafield ind1="2" ind2=" " tag="710"><subfield code="a">Liturgisches Institut</subfield><subfield code="g">Trier</subfield><subfield code="0">(DE-588)2018374-4</subfield><subfield code="4">ctb</subfield><subfield code="9">O:H</subfield></datafield><datafield ind1="2" ind2=" " tag="710"><subfield code="a">Liturgisches Institut</subfield><subfield code="g">Zürich</subfield><subfield code="0">(DE-588)2018382-3</subfield><subfield code="4">ctb</subfield><subfield code="9">O:H</subfield></datafield><datafield ind1="0" ind2="8" tag="773"><subfield code="w">(AT-OBV)AC04470481</subfield><subfield code="q">2,1,5</subfield></datafield><datafield ind1="1" ind2="8" tag="773"><subfield code="w">990027878110203339</subfield><subfield code="g">no:LKR</subfield><subfield code="9">LOCAL</subfield></datafield><datafield ind1="1" ind2=" " tag="970"><subfield code="c">06</subfield></datafield><datafield ind1="0" ind2="s" tag="974"><subfield code="F">030</subfield><subfield code="A">a|1ucr|||||||</subfield></datafield><datafield ind1="0" ind2="s" tag="974"><subfield code="F">050</subfield><subfield code="A">a|a|||||||||||</subfield></datafield><datafield ind1="0" ind2="s" tag="974"><subfield code="F">051</subfield><subfield code="A">||||||||</subfield></datafield><datafield ind1="2" ind2=" " tag="980"><subfield code="a">ITM</subfield><subfield code="b">2805404</subfield><subfield code="l">UBG50</subfield><subfield code="v">LKR</subfield><subfield code="9">LOCAL</subfield></datafield></record>