<record><leader>01187nam#a2200349zcc4500</leader><controlfield tag="001">990028002420203339</controlfield><controlfield tag="003">AT-OBV</controlfield><controlfield tag="005">20180224072100.0</controlfield><controlfield tag="007">tu</controlfield><controlfield tag="008">060907|1875####xx############|||#|#ger#u</controlfield><controlfield tag="009">AC05659820</controlfield><datafield ind1=" " ind2=" " tag="035"><subfield code="a">AC05659820</subfield></datafield><datafield ind1=" " ind2=" " tag="035"><subfield code="a">(AT-OBV)AC05659820</subfield></datafield><datafield ind1=" " ind2=" " tag="035"><subfield code="a">(Aleph)005418007ACC01</subfield></datafield><datafield ind1=" " ind2=" " tag="035"><subfield code="a">(EXLNZ-43ACC_NETWORK)990054180070203331</subfield></datafield><datafield ind1=" " ind2=" " tag="040"><subfield code="a">LBO</subfield><subfield code="b">ger</subfield><subfield code="d">OAW</subfield><subfield code="e">rakwb</subfield></datafield><datafield ind1=" " ind2=" " tag="041"><subfield code="a">ger</subfield></datafield><datafield ind1=" " ind2=" " tag="044"><subfield code="c">XA-AAAT</subfield><subfield code="c">XA-AT</subfield></datafield><datafield ind1="1" ind2=" " tag="100"><subfield code="a">Schenkl, Karl</subfield><subfield code="d">1827-1900</subfield><subfield code="0">(DE-588)117229938</subfield><subfield code="4">aut</subfield><subfield code="9">O:H</subfield></datafield><datafield ind1="0" ind2="0" tag="245"><subfield code="a">Xenophontische Studien</subfield><subfield code="n">2. H.</subfield><subfield code="p">Beiträge zur Kritik der Apomnemoneumata</subfield><subfield code="c">K. Schenkl</subfield></datafield><datafield ind1=" " ind2="1" tag="264"><subfield code="a">Wien</subfield><subfield code="b">Gerold</subfield><subfield code="a">K. k. Hof- u. Staatsdruckerei</subfield><subfield code="c">1875</subfield></datafield><datafield ind1=" " ind2=" " tag="300"><subfield code="a">S. 87 - 182</subfield><subfield code="c">23 cm</subfield></datafield><datafield ind1="1" ind2=" " tag="490"><subfield code="a">Sitzungsberichte der Kais. Akademie der Wissenschaften in Wien, Philosophisch-Historische Klasse</subfield><subfield code="v">80,1,[2]</subfield></datafield><datafield ind1=" " ind2=" " tag="546"><subfield code="a">Teilw. in griech. Spr. u. Schrift</subfield></datafield><datafield ind1="0" ind2="8" tag="773"><subfield code="w">(AT-OBV)AC05668320</subfield><subfield code="q">2</subfield></datafield><datafield ind1="1" ind2="8" tag="773"><subfield code="w">990028002390203339</subfield><subfield code="g">no:LKR</subfield><subfield code="9">LOCAL</subfield></datafield><datafield ind1=" " ind2="0" tag="830"><subfield code="w">(AT-OBV)AC00415498</subfield><subfield code="v">80,1,2</subfield><subfield code="9">O:1</subfield></datafield><datafield ind1="1" ind2=" " tag="970"><subfield code="c">20</subfield></datafield><datafield ind1="0" ind2="s" tag="974"><subfield code="F">030</subfield><subfield code="A">z|1dcr|||||||</subfield></datafield><datafield ind1="0" ind2="s" tag="974"><subfield code="F">050</subfield><subfield code="A">a|a|||||||||||</subfield></datafield><datafield ind1="0" ind2="s" tag="974"><subfield code="F">051</subfield><subfield code="A">s||||||</subfield></datafield><datafield ind1="2" ind2=" " tag="980"><subfield code="a">ITM</subfield><subfield code="b">2817081</subfield><subfield code="l">UBG50</subfield><subfield code="v">LKR</subfield><subfield code="9">LOCAL</subfield></datafield></record>