<record><leader>00944naa#a2200289#c#4500</leader><controlfield tag="001">990028298880203339</controlfield><controlfield tag="003">AT-OBV</controlfield><controlfield tag="005">20171114193900.0</controlfield><controlfield tag="007">tu</controlfield><controlfield tag="008">100108|1974####xx############|||#|#ger#u</controlfield><controlfield tag="009">AC07268469</controlfield><datafield ind1=" " ind2=" " tag="035"><subfield code="a">AC07268469</subfield></datafield><datafield ind1=" " ind2=" " tag="035"><subfield code="a">(AT-OBV)AC07268469</subfield></datafield><datafield ind1=" " ind2=" " tag="035"><subfield code="a">(Aleph)007889641ACC01</subfield></datafield><datafield ind1=" " ind2=" " tag="035"><subfield code="a">(DE-599)OBVAC07268469</subfield></datafield><datafield ind1=" " ind2=" " tag="035"><subfield code="a">(EXLNZ-43ACC_NETWORK)990078896410203331</subfield></datafield><datafield ind1=" " ind2=" " tag="040"><subfield code="a">ONB</subfield><subfield code="b">ger</subfield><subfield code="c">ONB-IVSCAN-ZSART</subfield><subfield code="d">UBG</subfield><subfield code="e">rakwb</subfield></datafield><datafield ind1=" " ind2=" " tag="041"><subfield code="a">ger</subfield></datafield><datafield ind1="1" ind2=" " tag="100"><subfield code="a">Mairold, Maria</subfield><subfield code="d">1916-2015</subfield><subfield code="0">(DE-588)107699864X</subfield><subfield code="4">aut</subfield></datafield><datafield ind1="0" ind2="0" tag="245"><subfield code="a">Aus der Frühzeit der Universitätsbibliothek Graz</subfield></datafield><datafield ind1=" " ind2="1" tag="264"><subfield code="c">1974</subfield></datafield><datafield ind1="1" ind2="8" tag="773"><subfield code="t">Biblos ; hrsg. von der Österreichischen Nationalbibliothek</subfield><subfield code="d">Wien, 1974</subfield><subfield code="g">23.1974 S. 261-</subfield><subfield code="w">(AT-OBV)AC00368102</subfield></datafield><datafield ind1="1" ind2="8" tag="773"><subfield code="w">99002843911  03339</subfield><subfield code="g">no:LKR</subfield><subfield code="9">LOCAL</subfield></datafield><datafield ind1="0" ind2="s" tag="974"><subfield code="F">030</subfield><subfield code="A">a|1ucr|||||17</subfield></datafield><datafield ind1="0" ind2="s" tag="974"><subfield code="F">050</subfield><subfield code="A">a|a|||||||||||</subfield></datafield><datafield ind1="0" ind2="s" tag="974"><subfield code="F">051</subfield><subfield code="A">a|||||||</subfield></datafield><datafield ind1="2" ind2=" " tag="980"><subfield code="a">ITM</subfield><subfield code="b">2843911</subfield><subfield code="l">UBG50</subfield><subfield code="v">LKR</subfield><subfield code="9">LOCAL</subfield></datafield></record>