<record><leader>01761nam#a2200565#cb4500</leader><controlfield tag="001">990028336020203339</controlfield><controlfield tag="003">AT-OBV</controlfield><controlfield tag="005">20180224043400.0</controlfield><controlfield tag="007">tu</controlfield><controlfield tag="008">111107|1914####xx############|||#|#ger#u</controlfield><controlfield tag="009">AC08804491</controlfield><datafield ind1="7" ind2=" " tag="016"><subfield code="a">12785508</subfield><subfield code="2">OCoLC</subfield></datafield><datafield ind1=" " ind2=" " tag="035"><subfield code="a">AC08804491</subfield></datafield><datafield ind1=" " ind2=" " tag="035"><subfield code="a">(AT-OBV)AC08804491</subfield></datafield><datafield ind1=" " ind2=" " tag="035"><subfield code="a">(Aleph)008791838ACC01</subfield></datafield><datafield ind1=" " ind2=" " tag="035"><subfield code="a">(DE-599)BVBBV005162122</subfield></datafield><datafield ind1=" " ind2=" " tag="035"><subfield code="a">(DE-604)051621223</subfield></datafield><datafield ind1=" " ind2=" " tag="035"><subfield code="a">(EXLNZ-43ACC_NETWORK)990087918380203331</subfield></datafield><datafield ind1=" " ind2=" " tag="040"><subfield code="a">UBI</subfield><subfield code="b">ger</subfield><subfield code="c">BAY</subfield><subfield code="d">UAB</subfield><subfield code="e">rakwb</subfield></datafield><datafield ind1=" " ind2=" " tag="041"><subfield code="a">ger</subfield></datafield><datafield ind1=" " ind2=" " tag="044"><subfield code="c">XA-DXDE</subfield></datafield><datafield ind1=" " ind2="4" tag="050"><subfield code="a">CR1823</subfield></datafield><datafield ind1=" " ind2=" " tag="084"><subfield code="a">ND 5850</subfield><subfield code="2">rvk</subfield></datafield><datafield ind1="1" ind2=" " tag="100"><subfield code="a">Schoener, H. G.</subfield><subfield code="0">(DE-588)127967400</subfield><subfield code="4">aut</subfield></datafield><datafield ind1="0" ind2="0" tag="245"><subfield code="a">&lt;&lt;Die&gt;&gt; ältere Ornamentik im Ysenburger, Schlitzer und Riedeselschen Wappen</subfield><subfield code="c">von H. G. Schoener</subfield></datafield><datafield ind1=" " ind2="1" tag="264"><subfield code="a">Strassburg</subfield><subfield code="b">Heitz</subfield><subfield code="c">1914</subfield></datafield><datafield ind1=" " ind2=" " tag="300"><subfield code="a">43 S.</subfield><subfield code="c">24 cm</subfield></datafield><datafield ind1="1" ind2=" " tag="490"><subfield code="a">Studien zur deutschen Kunstgeschichte</subfield><subfield code="v">168</subfield></datafield><datafield ind1="1" ind2="0" tag="600"><subfield code="a">Riedesel family</subfield></datafield><datafield ind1="1" ind2="0" tag="600"><subfield code="a">Schlitz genannt von Görtz family</subfield></datafield><datafield ind1="1" ind2="0" tag="600"><subfield code="a">Ysenburg family</subfield></datafield><datafield ind1=" " ind2="0" tag="650"><subfield code="a">Decoration and ornament, Germanic</subfield></datafield><datafield ind1=" " ind2="0" tag="650"><subfield code="a">Heraldry</subfield><subfield code="z">Germany</subfield></datafield><datafield ind1="0" ind2="0" tag="689"><subfield code="a">Isenburg</subfield><subfield code="c">Familie</subfield><subfield code="D">p</subfield><subfield code="0">(DE-588)118710923</subfield></datafield><datafield ind1="0" ind2="1" tag="689"><subfield code="a">Wappen</subfield><subfield code="D">s</subfield><subfield code="0">(DE-588)4064566-6</subfield></datafield><datafield ind1="1" ind2="0" tag="689"><subfield code="a">Görtz</subfield><subfield code="c">Familie</subfield><subfield code="D">p</subfield><subfield code="0">(DE-588)11869586X</subfield></datafield><datafield ind1="1" ind2="1" tag="689"><subfield code="a">Wappen</subfield><subfield code="D">s</subfield><subfield code="0">(DE-588)4064566-6</subfield></datafield><datafield ind1="2" ind2="0" tag="689"><subfield code="a">Riedesel zu Eisenbach</subfield><subfield code="c">Familie</subfield><subfield code="D">p</subfield><subfield code="0">(DE-588)118745166</subfield></datafield><datafield ind1="2" ind2="1" tag="689"><subfield code="a">Wappen</subfield><subfield code="D">s</subfield><subfield code="0">(DE-588)4064566-6</subfield></datafield><datafield ind1="1" ind2="8" tag="773"><subfield code="w">990000998240203339</subfield><subfield code="g">no:LKR</subfield><subfield code="9">LOCAL</subfield></datafield><datafield ind1=" " ind2="0" tag="830"><subfield code="w">(AT-OBV)AC00423932</subfield><subfield code="v">168</subfield><subfield code="9">O:1</subfield></datafield><datafield ind1="1" ind2=" " tag="970"><subfield code="c">45</subfield></datafield><datafield ind1="4" ind2=" " tag="970"><subfield code="b">BVBKAT</subfield></datafield><datafield ind1="0" ind2="s" tag="974"><subfield code="F">030</subfield><subfield code="A">az1dc||z|||17</subfield></datafield><datafield ind1="0" ind2="s" tag="974"><subfield code="F">050</subfield><subfield code="A">a|a|||||||||||</subfield></datafield><datafield ind1="0" ind2="s" tag="974"><subfield code="F">051</subfield><subfield code="A">s|||||||</subfield></datafield><datafield ind1="0" ind2="u" tag="974"><subfield code="V">903</subfield><subfield code="a">21</subfield></datafield><datafield ind1="0" ind2="u" tag="974"><subfield code="V">908</subfield><subfield code="a">21</subfield></datafield><datafield ind1="0" ind2="u" tag="974"><subfield code="V">913</subfield><subfield code="a">21</subfield></datafield><datafield ind1="2" ind2=" " tag="980"><subfield code="a">ITM</subfield><subfield code="b">232922</subfield><subfield code="l">UBG50</subfield><subfield code="v">LKR</subfield><subfield code="9">LOCAL</subfield></datafield></record>