<record><leader>01246nam#a2200349zcb4500</leader><controlfield tag="001">990028389350203339</controlfield><controlfield tag="003">AT-OBV</controlfield><controlfield tag="005">20171114042200.0</controlfield><controlfield tag="007">tu</controlfield><controlfield tag="008">971104|1984####gw############|||#|#ger#u</controlfield><controlfield tag="009">AC02139036</controlfield><datafield ind1=" " ind2=" " tag="015"><subfield code="a">85,A02,0524</subfield><subfield code="2">dnb</subfield></datafield><datafield ind1=" " ind2=" " tag="020"><subfield code="c">geh. (Pr. nicht mitget.)</subfield></datafield><datafield ind1=" " ind2=" " tag="035"><subfield code="a">AC02139036</subfield></datafield><datafield ind1=" " ind2=" " tag="035"><subfield code="a">(AT-OBV)AC02139036</subfield></datafield><datafield ind1=" " ind2=" " tag="035"><subfield code="a">(Aleph)000269822ACC01</subfield></datafield><datafield ind1=" " ind2=" " tag="035"><subfield code="a">(DE-599)OBVAC02139036</subfield></datafield><datafield ind1=" " ind2=" " tag="035"><subfield code="a">(EXLNZ-43ACC_NETWORK)990002698220203331</subfield></datafield><datafield ind1=" " ind2=" " tag="040"><subfield code="a">RET</subfield><subfield code="b">ger</subfield><subfield code="d">UBG</subfield><subfield code="e">rakwb</subfield></datafield><datafield ind1=" " ind2=" " tag="041"><subfield code="a">ger</subfield></datafield><datafield ind1=" " ind2=" " tag="044"><subfield code="c">XA-DDDE</subfield></datafield><datafield ind1="1" ind2=" " tag="100"><subfield code="a">Sadovskij, Michail A.</subfield><subfield code="4">aut</subfield></datafield><datafield ind1="0" ind2="0" tag="245"><subfield code="a">Neue Gedanken zu Gesteinen</subfield><subfield code="b">[deutsche Übersetzung des Vortrages, gehalten am 27. Mai 1982 vor der Klasse der Geo- und Kosmoswissenschaften der Akademie der Wissenschaften der DDR]</subfield><subfield code="c">M. A. Sadovskij</subfield></datafield><datafield ind1=" " ind2="1" tag="264"><subfield code="a">Berlin</subfield><subfield code="b">Akad.-Verl.</subfield><subfield code="c">1984</subfield></datafield><datafield ind1=" " ind2=" " tag="300"><subfield code="a">15 S.</subfield><subfield code="b">7 graph. Darst.</subfield><subfield code="c">22 cm</subfield></datafield><datafield ind1="1" ind2=" " tag="490"><subfield code="a">Sitzungsberichte der Akademie der Wissenschaften der DDR : N, Mathematik, Naturwissenschaft, Technik</subfield><subfield code="v">1983,12</subfield></datafield><datafield ind1="1" ind2="8" tag="773"><subfield code="w">(AT-OBV)AC00005122</subfield><subfield code="g">no:1983</subfield><subfield code="9">LOCAL</subfield></datafield><datafield ind1=" " ind2="0" tag="830"><subfield code="w">(AT-OBV)AC00005122</subfield><subfield code="v">N,1983,12</subfield><subfield code="9">O:1</subfield></datafield><datafield ind1="0" ind2="s" tag="974"><subfield code="F">030</subfield><subfield code="A">z|1dcr|||||17</subfield></datafield><datafield ind1="0" ind2="s" tag="974"><subfield code="F">050</subfield><subfield code="A">a|a|||||||||||</subfield></datafield><datafield ind1="0" ind2="s" tag="974"><subfield code="F">051</subfield><subfield code="A">s||||||</subfield></datafield><datafield ind1="2" ind2=" " tag="980"><subfield code="a">1983</subfield><subfield code="9">LOCAL</subfield></datafield></record>