<record><leader>01177nam#a2200385zcb4500</leader><controlfield tag="001">990028392370203339</controlfield><controlfield tag="003">AT-OBV</controlfield><controlfield tag="005">20171114041300.0</controlfield><controlfield tag="007">tu</controlfield><controlfield tag="008">970829|1982####gw############|||#|#ger#u</controlfield><controlfield tag="009">AC02062282</controlfield><datafield ind1=" " ind2=" " tag="015"><subfield code="a">83,A03,1261</subfield><subfield code="2">dnb</subfield></datafield><datafield ind1=" " ind2=" " tag="020"><subfield code="c">kart. : M 7.50</subfield></datafield><datafield ind1=" " ind2=" " tag="035"><subfield code="a">AC02062282</subfield></datafield><datafield ind1=" " ind2=" " tag="035"><subfield code="a">(AT-OBV)AC02062282</subfield></datafield><datafield ind1=" " ind2=" " tag="035"><subfield code="a">(Aleph)000846325ACC01</subfield></datafield><datafield ind1=" " ind2=" " tag="035"><subfield code="a">(DE-599)OBVAC02062282</subfield></datafield><datafield ind1=" " ind2=" " tag="035"><subfield code="a">(EXLNZ-43ACC_NETWORK)990008463250203331</subfield></datafield><datafield ind1=" " ind2=" " tag="040"><subfield code="a">RET</subfield><subfield code="b">ger</subfield><subfield code="d">UBG</subfield><subfield code="e">rakwb</subfield></datafield><datafield ind1=" " ind2=" " tag="041"><subfield code="a">ger</subfield></datafield><datafield ind1=" " ind2=" " tag="044"><subfield code="c">XA-DDDE</subfield></datafield><datafield ind1="1" ind2=" " tag="100"><subfield code="a">Werner, Ernst</subfield><subfield code="4">aut</subfield></datafield><datafield ind1="0" ind2="0" tag="245"><subfield code="a">Sultan Mehmed der Eroberer und die Epochenwende im 15. Jahrhundert</subfield><subfield code="c">Ernst Werner</subfield></datafield><datafield ind1=" " ind2="1" tag="264"><subfield code="a">Berlin</subfield><subfield code="b">Akad.-Verl.</subfield><subfield code="c">1982</subfield></datafield><datafield ind1=" " ind2=" " tag="300"><subfield code="a">71 S.</subfield><subfield code="c">22 cm</subfield></datafield><datafield ind1="1" ind2=" " tag="490"><subfield code="a">Sitzungsberichte der Sächsischen Akademie der Wissenschaften zu Leipzig, Philologisch-Historische Klasse</subfield><subfield code="v">123,2</subfield></datafield><datafield ind1="0" ind2="0" tag="689"><subfield code="a">Mohammed II. Sultan</subfield></datafield><datafield ind1="0" ind2=" " tag="689"><subfield code="5">AT-OBV</subfield><subfield code="5">ONB-PI</subfield></datafield><datafield ind1="1" ind2="8" tag="773"><subfield code="w">(AT-OBV)AC00055217</subfield><subfield code="g">no:123</subfield><subfield code="9">LOCAL</subfield></datafield><datafield ind1=" " ind2="0" tag="830"><subfield code="w">(AT-OBV)AC00055217</subfield><subfield code="v">123,2</subfield><subfield code="9">O:1</subfield></datafield><datafield ind1="1" ind2=" " tag="970"><subfield code="c">54</subfield></datafield><datafield ind1="0" ind2="s" tag="974"><subfield code="F">030</subfield><subfield code="A">z|1dcr|||||17</subfield></datafield><datafield ind1="0" ind2="s" tag="974"><subfield code="F">050</subfield><subfield code="A">a|a|||||||||||</subfield></datafield><datafield ind1="0" ind2="s" tag="974"><subfield code="F">051</subfield><subfield code="A">s||||||</subfield></datafield><datafield ind1="2" ind2=" " tag="980"><subfield code="a">123</subfield><subfield code="9">LOCAL</subfield></datafield></record>