<record><leader>01580nam#a2200457#cb4500</leader><controlfield tag="001">990028404980203339</controlfield><controlfield tag="003">AT-OBV</controlfield><controlfield tag="005">20171114125900.0</controlfield><controlfield tag="007">tu</controlfield><controlfield tag="008">051014|1976####gw############|||#|#ger#u</controlfield><controlfield tag="009">AC04728619</controlfield><datafield ind1=" " ind2=" " tag="035"><subfield code="a">AC04728619</subfield></datafield><datafield ind1=" " ind2=" " tag="035"><subfield code="a">(AT-OBV)AC04728619</subfield></datafield><datafield ind1=" " ind2=" " tag="035"><subfield code="a">(Aleph)004712759ACC01</subfield></datafield><datafield ind1=" " ind2=" " tag="035"><subfield code="a">(DE-599)OBVAC04728619</subfield></datafield><datafield ind1=" " ind2=" " tag="035"><subfield code="a">(DE-604)022605312</subfield></datafield><datafield ind1=" " ind2=" " tag="035"><subfield code="a">(EXLNZ-43ACC_NETWORK)990047127590203331</subfield></datafield><datafield ind1=" " ind2=" " tag="040"><subfield code="a">UBW</subfield><subfield code="b">ger</subfield><subfield code="c">BAY</subfield><subfield code="d">UBG</subfield><subfield code="e">rakddb</subfield></datafield><datafield ind1=" " ind2=" " tag="041"><subfield code="a">ger</subfield></datafield><datafield ind1=" " ind2=" " tag="044"><subfield code="c">XA-DDDE</subfield></datafield><datafield ind1=" " ind2=" " tag="084"><subfield code="a">08.24</subfield><subfield code="2">bkl</subfield><subfield code="9">O: Automatisch generiert aus Konkordanz RVK-BK-Philosophie</subfield></datafield><datafield ind1=" " ind2=" " tag="084"><subfield code="a">AX 10000</subfield><subfield code="2">rvk</subfield></datafield><datafield ind1=" " ind2=" " tag="084"><subfield code="a">CG 5357</subfield><subfield code="2">rvk</subfield></datafield><datafield ind1="1" ind2=" " tag="100"><subfield code="a">Poppe, Eberhard</subfield><subfield code="d">1931-</subfield><subfield code="0">(DE-588)138922241</subfield><subfield code="4">aut</subfield></datafield><datafield ind1="0" ind2="0" tag="245"><subfield code="a">Marx und die Rechte der Menschen</subfield><subfield code="b">Vortrag ... gehalten anläßl. d. Karl-Marx-Vorlesung; am 6. Mai 1976</subfield><subfield code="c">Eberhard Poppe</subfield></datafield><datafield ind1=" " ind2="1" tag="264"><subfield code="a">Berlin</subfield><subfield code="b">Akad.-Verl.</subfield><subfield code="c">1976</subfield></datafield><datafield ind1=" " ind2=" " tag="300"><subfield code="a">24 S.</subfield></datafield><datafield ind1="1" ind2=" " tag="490"><subfield code="a">Sitzungsberichte der Akademie der Wissenschaften der DDR : G, Gesellschaftswissenschaften</subfield><subfield code="v">1976,8</subfield></datafield><datafield ind1="0" ind2="0" tag="689"><subfield code="a">Marx, Karl</subfield><subfield code="d">1818-1883</subfield><subfield code="D">p</subfield><subfield code="0">(DE-588)118578537</subfield></datafield><datafield ind1="0" ind2="1" tag="689"><subfield code="a">Menschenrecht</subfield><subfield code="D">s</subfield><subfield code="0">(DE-588)4074725-6</subfield></datafield><datafield ind1="0" ind2=" " tag="689"><subfield code="5">AT-OBV</subfield><subfield code="5">ONB-PI</subfield></datafield><datafield ind1="1" ind2="8" tag="773"><subfield code="w">(AT-OBV)AC00055334</subfield><subfield code="g">no:1976</subfield><subfield code="9">LOCAL</subfield></datafield><datafield ind1=" " ind2="0" tag="830"><subfield code="w">(AT-OBV)AC00055334</subfield><subfield code="v">1976,8</subfield><subfield code="9">O:1</subfield></datafield><datafield ind1="4" ind2=" " tag="856"><subfield code="u">http://www.ub.univie.ac.at/katscans/NKN012/0040/00000382.gif</subfield><subfield code="z">Katalogkarte</subfield><subfield code="o">Katalogkarte</subfield></datafield><datafield ind1="0" ind2=" " tag="970"><subfield code="a">UBW-Retro-K</subfield></datafield><datafield ind1="1" ind2=" " tag="970"><subfield code="c">08</subfield></datafield><datafield ind1="4" ind2=" " tag="970"><subfield code="b">BVBKAT</subfield></datafield><datafield ind1="0" ind2="s" tag="974"><subfield code="F">030</subfield><subfield code="A">a|1dazzz|||17</subfield></datafield><datafield ind1="0" ind2="s" tag="974"><subfield code="F">050</subfield><subfield code="A">a|a|||||||||||</subfield></datafield><datafield ind1="0" ind2="s" tag="974"><subfield code="F">051</subfield><subfield code="A">s|||||||</subfield></datafield><datafield ind1="2" ind2=" " tag="980"><subfield code="a">1976</subfield><subfield code="9">LOCAL</subfield></datafield></record>