<record><leader>01187nam#a2200337#cb4500</leader><controlfield tag="001">990028412680203339</controlfield><controlfield tag="003">AT-OBV</controlfield><controlfield tag="005">20171115122700.0</controlfield><controlfield tag="007">tu</controlfield><controlfield tag="008">140604|1956####sw############|||#|#eng#u</controlfield><controlfield tag="009">AC11703608</controlfield><datafield ind1=" " ind2=" " tag="035"><subfield code="a">AC11703608</subfield></datafield><datafield ind1=" " ind2=" " tag="035"><subfield code="a">(AT-OBV)AC11703608</subfield></datafield><datafield ind1=" " ind2=" " tag="035"><subfield code="a">(Aleph)011611275ACC01</subfield></datafield><datafield ind1=" " ind2=" " tag="035"><subfield code="a">(DE-599)OBVAC11703608</subfield></datafield><datafield ind1=" " ind2=" " tag="035"><subfield code="a">(EXLNZ-43ACC_NETWORK)990116112750203331</subfield></datafield><datafield ind1=" " ind2=" " tag="040"><subfield code="a">UBG</subfield><subfield code="b">ger</subfield><subfield code="d">UBG</subfield><subfield code="e">rakwb</subfield></datafield><datafield ind1=" " ind2=" " tag="041"><subfield code="a">eng</subfield></datafield><datafield ind1=" " ind2=" " tag="044"><subfield code="c">XA-SE</subfield></datafield><datafield ind1="1" ind2=" " tag="100"><subfield code="a">Larsson, Yngve</subfield><subfield code="d">1917-2014</subfield><subfield code="0">(DE-588)1076410367</subfield><subfield code="4">aut</subfield></datafield><datafield ind1="0" ind2="0" tag="245"><subfield code="a">Morphology of the pancreas and glucose tolerance in biliary fistula, in common bile duct obstruction and after ligation of pancreatic duct</subfield><subfield code="b">experimental observations in non-diabetic and alloxan-diabetic rabbits</subfield><subfield code="c">Yngve Larsson</subfield></datafield><datafield ind1=" " ind2="1" tag="264"><subfield code="a">Stockholm</subfield><subfield code="b">Petterson</subfield><subfield code="c">1956</subfield></datafield><datafield ind1=" " ind2=" " tag="300"><subfield code="a">271 S.</subfield><subfield code="b">Ill.</subfield></datafield><datafield ind1="1" ind2=" " tag="490"><subfield code="a">Acta paediatrica : Supplement</subfield><subfield code="v">45 = 106</subfield></datafield><datafield ind1="1" ind2="8" tag="773"><subfield code="w">990028414130203339</subfield><subfield code="g">no:LKR</subfield><subfield code="9">LOCAL</subfield></datafield><datafield ind1=" " ind2="0" tag="830"><subfield code="w">(AT-OBV)AC00879548</subfield><subfield code="v">45 = 106</subfield><subfield code="9">O:1</subfield></datafield><datafield ind1="0" ind2=" " tag="970"><subfield code="a">UBG-RETRO-HB-NB</subfield></datafield><datafield ind1="0" ind2="s" tag="974"><subfield code="F">030</subfield><subfield code="A">a|1ucr|||||17</subfield></datafield><datafield ind1="0" ind2="s" tag="974"><subfield code="F">050</subfield><subfield code="A">a|a|||||||||||</subfield></datafield><datafield ind1="0" ind2="s" tag="974"><subfield code="F">051</subfield><subfield code="A">s|||||||</subfield></datafield><datafield ind1="2" ind2=" " tag="980"><subfield code="a">ITM</subfield><subfield code="b">2924569</subfield><subfield code="l">UBG50</subfield><subfield code="v">LKR</subfield><subfield code="9">LOCAL</subfield></datafield></record>