<record><leader>01347nam#a2200373#cc4500</leader><controlfield tag="001">990029173610203339</controlfield><controlfield tag="003">AT-OBV</controlfield><controlfield tag="005">20180224072100.0</controlfield><controlfield tag="007">cr#|||||||||||</controlfield><controlfield tag="007">tu</controlfield><controlfield tag="008">000921|1854####xx############|||#u#ger#u</controlfield><controlfield tag="009">AC03042149</controlfield><datafield ind1=" " ind2=" " tag="035"><subfield code="a">AC03042149</subfield></datafield><datafield ind1=" " ind2=" " tag="035"><subfield code="a">(AT-OBV)AC03042149</subfield></datafield><datafield ind1=" " ind2=" " tag="035"><subfield code="a">(Aleph)003038338ACC01</subfield></datafield><datafield ind1=" " ind2=" " tag="035"><subfield code="a">(DE-599)OBVAC03042149</subfield></datafield><datafield ind1=" " ind2=" " tag="035"><subfield code="a">(EXLNZ-43ACC_NETWORK)990030383380203331</subfield></datafield><datafield ind1=" " ind2=" " tag="040"><subfield code="a">UBS</subfield><subfield code="b">ger</subfield><subfield code="d">UBK</subfield><subfield code="e">rakwb</subfield></datafield><datafield ind1=" " ind2=" " tag="041"><subfield code="a">ger</subfield></datafield><datafield ind1=" " ind2=" " tag="044"><subfield code="c">XA-DXDE</subfield><subfield code="c">XA-DE</subfield></datafield><datafield ind1=" " ind2=" " tag="090"><subfield code="h">h</subfield></datafield><datafield ind1="1" ind2=" " tag="100"><subfield code="a">Schlosser, Friedrich Christoph</subfield><subfield code="d">1776-1861</subfield><subfield code="0">(DE-588)118795155</subfield><subfield code="4">aut</subfield><subfield code="9">O:H</subfield></datafield><datafield ind1="0" ind2="0" tag="245"><subfield code="a">F. C. Schlosser's Weltgeschichte für das deutsche Volk</subfield><subfield code="n">16 : Neuere Geschichte ; 8</subfield><subfield code="p">Geschichte des achtzehnten Jahrhunderts</subfield><subfield code="c">unter Mitw. des Verf. bearb. von G. L. Kriegk</subfield></datafield><datafield ind1=" " ind2="1" tag="264"><subfield code="a">Frankfurt a. M.</subfield><subfield code="b">Varrentrapp</subfield><subfield code="c">1854</subfield></datafield><datafield ind1=" " ind2=" " tag="300"><subfield code="a">XVI, 499 S.</subfield></datafield><datafield ind1="1" ind2=" " tag="700"><subfield code="a">Kriegk, Georg Ludwig</subfield><subfield code="d">1805-1878</subfield><subfield code="0">(DE-588)116537744</subfield><subfield code="4">oth</subfield><subfield code="e">[Bearb.]</subfield><subfield code="9">O:H</subfield></datafield><datafield ind1="0" ind2="8" tag="773"><subfield code="w">(AT-OBV)AC00177563</subfield><subfield code="q">16</subfield></datafield><datafield ind1="1" ind2="8" tag="773"><subfield code="w">990029173600203339</subfield><subfield code="g">no:LKR</subfield><subfield code="9">LOCAL</subfield></datafield><datafield ind1="4" ind2="0" tag="856"><subfield code="m">V:AT-OBV;B:AT-OeNB</subfield><subfield code="q">application/html</subfield><subfield code="u">http://data.onb.ac.at/ABO/%2BZ220664207</subfield><subfield code="x">ONB-ABO</subfield><subfield code="3">Volltext</subfield><subfield code="o">OBV-ONB-ABO</subfield></datafield><datafield ind1="1" ind2=" " tag="970"><subfield code="c">54</subfield></datafield><datafield ind1="0" ind2="s" tag="974"><subfield code="F">030</subfield><subfield code="A">a|1dcr|||||||</subfield></datafield><datafield ind1="0" ind2="s" tag="974"><subfield code="F">050</subfield><subfield code="A">a|a|||||g|||||</subfield></datafield><datafield ind1="0" ind2="s" tag="974"><subfield code="F">051</subfield><subfield code="A">|z||z|||</subfield></datafield><datafield ind1="2" ind2=" " tag="980"><subfield code="a">ITM</subfield><subfield code="b">2917890</subfield><subfield code="l">UBG50</subfield><subfield code="v">LKR</subfield><subfield code="9">LOCAL</subfield></datafield></record>