<record><leader>01106nam#a2200361#cc4500</leader><controlfield tag="001">990029239700203339</controlfield><controlfield tag="003">AT-OBV</controlfield><controlfield tag="005">20180224072100.0</controlfield><controlfield tag="007">tu</controlfield><controlfield tag="008">061116|1886####xx############|||#|#ger#u</controlfield><controlfield tag="009">AC05739085</controlfield><datafield ind1=" " ind2=" " tag="035"><subfield code="a">AC05739085</subfield></datafield><datafield ind1=" " ind2=" " tag="035"><subfield code="a">(AT-OBV)AC05739085</subfield></datafield><datafield ind1=" " ind2=" " tag="035"><subfield code="a">(Aleph)005575025ACC01</subfield></datafield><datafield ind1=" " ind2=" " tag="035"><subfield code="a">(DE-599)OBVAC05739085</subfield></datafield><datafield ind1=" " ind2=" " tag="035"><subfield code="a">(EXLNZ-43ACC_NETWORK)990055750250203331</subfield></datafield><datafield ind1=" " ind2=" " tag="040"><subfield code="a">UBW</subfield><subfield code="b">ger</subfield><subfield code="d">UBS</subfield><subfield code="e">rakwb</subfield></datafield><datafield ind1=" " ind2=" " tag="041"><subfield code="a">ger</subfield></datafield><datafield ind1=" " ind2=" " tag="044"><subfield code="c">XA-DXDE</subfield></datafield><datafield ind1="1" ind2=" " tag="100"><subfield code="a">Chaucer, Geoffrey</subfield><subfield code="d">1343-1400</subfield><subfield code="0">(DE-588)118520245</subfield><subfield code="4">aut</subfield><subfield code="9">O:H</subfield></datafield><datafield ind1="0" ind2="0" tag="245"><subfield code="a">Geoffrey Chaucers Werke</subfield><subfield code="n">3</subfield><subfield code="p">Canterbury-Erzählungen : 2</subfield><subfield code="c">übers. von Adolf von Düring</subfield></datafield><datafield ind1=" " ind2="1" tag="264"><subfield code="a">Straßburg</subfield><subfield code="b">Trübner</subfield><subfield code="c">1886</subfield></datafield><datafield ind1=" " ind2=" " tag="300"><subfield code="a">483 S.</subfield></datafield><datafield ind1=" " ind2=" " tag="500"><subfield code="a">Literaturverz. S. [478]-483</subfield></datafield><datafield ind1="8" ind2="0" tag="505"><subfield code="a">Enth.: [Vers 10443 - Ende]</subfield></datafield><datafield ind1="1" ind2=" " tag="700"><subfield code="a">Düring, Adolf &lt;&lt;von&gt;&gt;</subfield><subfield code="4">trl</subfield><subfield code="9">O:H</subfield></datafield><datafield ind1="0" ind2="8" tag="773"><subfield code="w">(AT-OBV)AC05739037</subfield><subfield code="q">3</subfield></datafield><datafield ind1="1" ind2="8" tag="773"><subfield code="w">990029239690203339</subfield><subfield code="g">no:LKR</subfield><subfield code="9">LOCAL</subfield></datafield><datafield ind1="1" ind2=" " tag="970"><subfield code="c">16</subfield></datafield><datafield ind1="0" ind2="s" tag="974"><subfield code="F">030</subfield><subfield code="A">a|1ucr|||||||</subfield></datafield><datafield ind1="0" ind2="s" tag="974"><subfield code="F">050</subfield><subfield code="A">a|a|||||||||||</subfield></datafield><datafield ind1="0" ind2="s" tag="974"><subfield code="F">051</subfield><subfield code="A">||||||||</subfield></datafield><datafield ind1="2" ind2=" " tag="980"><subfield code="a">ITM</subfield><subfield code="b">2924657</subfield><subfield code="l">UBG50</subfield><subfield code="v">LKR</subfield><subfield code="9">LOCAL</subfield></datafield></record>