<record><leader>01029nam#a2200349#c#4500</leader><controlfield tag="001">990028429520203339</controlfield><controlfield tag="003">AT-OBV</controlfield><controlfield tag="005">20171114084000.0</controlfield><controlfield tag="007">tu</controlfield><controlfield tag="008">000807|1919####xx############|||#|#ger#u</controlfield><controlfield tag="009">AC03018363</controlfield><datafield ind1=" " ind2=" " tag="035"><subfield code="a">AC03018363</subfield></datafield><datafield ind1=" " ind2=" " tag="035"><subfield code="a">(AT-OBV)AC03018363</subfield></datafield><datafield ind1=" " ind2=" " tag="035"><subfield code="a">(Aleph)003014724ACC01</subfield></datafield><datafield ind1=" " ind2=" " tag="035"><subfield code="a">(DE-599)OBVAC03018363</subfield></datafield><datafield ind1=" " ind2=" " tag="035"><subfield code="a">(EXLNZ-43ACC_NETWORK)990030147240203331</subfield></datafield><datafield ind1=" " ind2=" " tag="040"><subfield code="a">UBW</subfield><subfield code="b">ger</subfield><subfield code="d">UBK</subfield><subfield code="e">rakwb</subfield></datafield><datafield ind1=" " ind2=" " tag="041"><subfield code="a">ger</subfield></datafield><datafield ind1=" " ind2=" " tag="044"><subfield code="c">XA-DXDE</subfield></datafield><datafield ind1="1" ind2=" " tag="100"><subfield code="a">Landauer, Gustav</subfield><subfield code="d">1870-1919</subfield><subfield code="0">(DE-588)118569074</subfield><subfield code="4">aut</subfield></datafield><datafield ind1="0" ind2="0" tag="245"><subfield code="a">Aufruf zum Sozialismus</subfield><subfield code="c">von Gustav Landauer</subfield></datafield><datafield ind1=" " ind2=" " tag="250"><subfield code="a">Revolutionsausg., 2., verm. und verbesserte Aufl.</subfield></datafield><datafield ind1=" " ind2="1" tag="264"><subfield code="a">Berlin</subfield><subfield code="b">Cassirer</subfield><subfield code="c">1919</subfield></datafield><datafield ind1=" " ind2=" " tag="300"><subfield code="a">XX, 155 S.</subfield></datafield><datafield ind1="0" ind2="0" tag="689"><subfield code="a">Sozialismus</subfield><subfield code="D">s</subfield><subfield code="0">(DE-588)4055785-6</subfield></datafield><datafield ind1="0" ind2=" " tag="689"><subfield code="5">AT-OBV</subfield><subfield code="5">UBWFRL</subfield></datafield><datafield ind1="1" ind2="8" tag="773"><subfield code="w">990028429250203339</subfield><subfield code="g">no:LKR</subfield><subfield code="9">LOCAL</subfield></datafield><datafield ind1="1" ind2=" " tag="970"><subfield code="c">09</subfield></datafield><datafield ind1="0" ind2="s" tag="974"><subfield code="F">030</subfield><subfield code="A">a|1dcr|||||17</subfield></datafield><datafield ind1="0" ind2="s" tag="974"><subfield code="F">050</subfield><subfield code="A">a|a|||||||||||</subfield></datafield><datafield ind1="0" ind2="s" tag="974"><subfield code="F">051</subfield><subfield code="A">m||||||</subfield></datafield><datafield ind1="2" ind2=" " tag="980"><subfield code="a">ITM</subfield><subfield code="b">2851206</subfield><subfield code="l">UBG50</subfield><subfield code="v">LKR</subfield><subfield code="9">LOCAL</subfield></datafield></record>