<record><leader>01196nam#a2200337zcc4500</leader><controlfield tag="001">990029562640203339</controlfield><controlfield tag="003">AT-OBV</controlfield><controlfield tag="005">20180224072100.0</controlfield><controlfield tag="007">tu</controlfield><controlfield tag="008">010124|1904####xx############|||#|#ger#u</controlfield><controlfield tag="009">AC03115306</controlfield><datafield ind1=" " ind2=" " tag="035"><subfield code="a">AC03115306</subfield></datafield><datafield ind1=" " ind2=" " tag="035"><subfield code="a">(AT-OBV)AC03115306</subfield></datafield><datafield ind1=" " ind2=" " tag="035"><subfield code="a">(Aleph)003110962ACC01</subfield></datafield><datafield ind1=" " ind2=" " tag="035"><subfield code="a">(EXLNZ-43ACC_NETWORK)990031109620203331</subfield></datafield><datafield ind1=" " ind2=" " tag="040"><subfield code="a">UBW</subfield><subfield code="b">ger</subfield><subfield code="e">rakwb</subfield></datafield><datafield ind1=" " ind2=" " tag="041"><subfield code="a">ger</subfield></datafield><datafield ind1=" " ind2=" " tag="044"><subfield code="c">XA-DXDE</subfield></datafield><datafield ind1="1" ind2=" " tag="100"><subfield code="a">Reuter, Fritz</subfield><subfield code="d">1810-1874</subfield><subfield code="0">(DE-588)118599976</subfield><subfield code="4">aut</subfield><subfield code="9">O:H</subfield></datafield><datafield ind1="0" ind2="0" tag="245"><subfield code="a">Fritz Reuters ausgewählte Werke</subfield><subfield code="b">kritisch durchgesehene Ausgabe in 9 Bänden</subfield><subfield code="n">3</subfield><subfield code="p">Läuschen un Rimels II : plattdeutsche Gedichte heiteren Inhalts in meck'lenburgisch-vorpommerscher Mundart</subfield><subfield code="c">mit einer Einleitung des Dichters und mit Einleitungen hrsg. von Carl Friedrich Müller</subfield></datafield><datafield ind1=" " ind2="1" tag="264"><subfield code="a">Leipzig</subfield><subfield code="b">Hesse &amp; Becker</subfield><subfield code="c">[1904]</subfield></datafield><datafield ind1=" " ind2=" " tag="300"><subfield code="a">143 S.</subfield></datafield><datafield ind1=" " ind2=" " tag="546"><subfield code="a">In Fraktur</subfield></datafield><datafield ind1="1" ind2=" " tag="700"><subfield code="a">Müller, Carl Friedrich</subfield><subfield code="4">edt</subfield><subfield code="9">O:H</subfield></datafield><datafield ind1="0" ind2="8" tag="773"><subfield code="w">(AT-OBV)AC03115277</subfield><subfield code="q">3</subfield></datafield><datafield ind1="1" ind2="8" tag="773"><subfield code="w">990029562620203339</subfield><subfield code="g">no:LKR</subfield><subfield code="9">LOCAL</subfield></datafield><datafield ind1="1" ind2=" " tag="970"><subfield code="c">17</subfield></datafield><datafield ind1="0" ind2="s" tag="974"><subfield code="F">030</subfield><subfield code="A">z|1dcr|||||||</subfield></datafield><datafield ind1="0" ind2="s" tag="974"><subfield code="F">050</subfield><subfield code="A">a|a|||||||||||</subfield></datafield><datafield ind1="0" ind2="s" tag="974"><subfield code="F">051</subfield><subfield code="A">|||||||</subfield></datafield><datafield ind1="2" ind2=" " tag="980"><subfield code="a">ITM</subfield><subfield code="b">2956373</subfield><subfield code="l">UBG50</subfield><subfield code="v">LKR</subfield><subfield code="9">LOCAL</subfield></datafield></record></collection>